<!DOCTYPE html>
<!-- saved from url=(0046)https://www.walmart.com/orders/200011054626160 -->
<html lang="en-US" style=""><head><meta http-equiv="Content-Type" content="text/html; charset=UTF-8"><link href="https://tpc.googlesyndication.com/" rel="dns-prefetch"><meta property="fb:app_id" content="105223049547814"><meta name="viewport" content="width=device-width, initial-scale=1.0, minimum-scale=1, interactive-widget=resizes-content"><link rel="dns-prefetch" href="https://tap.walmart.com/"><link rel="preload" fetchpriority="high" crossorigin="anonymous" href="https://i5.walmartimages.com/dfw/63fd9f59-a78c/fcfae9b6-2f69-4f89-beed-f0eeb4237946/v1/BogleWeb_subset-Bold.woff2" as="font" type="font/woff2"><link rel="preload" fetchpriority="high" crossorigin="anonymous" href="https://i5.walmartimages.com/dfw/63fd9f59-a78c/fcfae9b6-2f69-4f89-beed-f0eeb4237946/v1/BogleWeb_subset-Regular.woff2" as="font" type="font/woff2"><title>Order details - Walmart.com</title><script nonce="" type="application/ld+json">{"@context":"https://schema.org","@type":"BreadcrumbList","itemListElement":[{"@type":"ListItem","position":1,"item":{"@type":"Thing","@id":"https://www.walmart.com/account","name":"My account"}},{"@type":"ListItem","position":2,"item":{"@type":"Thing","@id":"https://www.walmart.com/orders","name":"Purchase history"}},{"@type":"ListItem","position":3,"item":{"@type":"Thing","@id":"https://www.walmart.com/orders/200011054626160","name":"Order details"}}]}</script><meta name="next-head-count" content="8"><script nonce="">(()=>{const lang=document.documentElement.lang;Object.defineProperty(document.documentElement,"lang",{get(){return lang;},set(){}});})()</script><link rel="preconnect" href="https://i5.walmartimages.com/"><link nonce="" rel="preload" href="./order_files/d37fbb454837f7b5.css" as="style"><link nonce="" rel="stylesheet" href="./order_files/d37fbb454837f7b5.css" data-n-g=""><noscript data-n-css="9ENHnWq8u8o8Zbyq"></noscript><script defer="" nonce="" nomodule="" src="./order_files/polyfills-c67a75d1b6f99dc8.js"></script><script defer="" src="./order_files/ads_core_hooks_use-should-not-render-bc7b5c9e212c6c85.js" nonce=""></script><script defer="" src="./order_files/node_modules_.pnpm_@walmart+use-safeframe@0.3.0_react@17.0_node_modules_@walmart_use-safeframe_lib_utils_listenForPostMessage.8e5a8240aefefb68.js" nonce=""></script><script defer="" src="./order_files/home_redesign_adaptive-card_adaptive-card-wrapper.8d050f5620b3a478.js" nonce=""></script><script defer="" src="./order_files/ads_generic-utils_use-dom-element-event.df6cb17ab30bbd10.js" nonce=""></script><script defer="" src="./order_files/home_redesign_w-plus-banner.492f5ce0710c6394.js" nonce=""></script><script defer="" src="./order_files/global-nav_footer_cookie-checker.078ac3b976d2496b.js" nonce=""></script><script src="./order_files/webpack-193f5eb42d5a4a32.js" nonce="" defer=""></script><script src="./order_files/framework-ec215ae29d94f139.js" nonce="" defer=""></script><script src="./order_files/main-ace0daac2f0128bb.js" nonce="" defer=""></script><script src="./order_files/_app-9c75fd24a652b212.js" nonce="" defer=""></script><script src="./order_files/node_modules_.pnpm_isomorphic-dompurify@0.13_node_modules_isomorphic-dompurify_browser-fa64bcd6cd41ebb5.js" nonce="" defer=""></script><script src="./order_files/ui_horizontal-scroller_horizontal-scroller-bd21b7b8a3afa183.js" nonce="" defer=""></script><script src="./order_files/ui_product-tile_locale_messages-b674836883463323.js" nonce="" defer=""></script><script src="./order_files/cart_data-access_hooks_panel-cart-context-124882624ba6c014.js" nonce="" defer=""></script><script src="./order_files/ui_quantity-stepper_quantity-stepper-58ac17afdcb5791e.js" nonce="" defer=""></script><script src="./order_files/ui_product-tile_vertical-3e39c2ecafa3fc04.js" nonce="" defer=""></script><script src="./order_files/cart_add-to-cart_add-to-cart-6baef2a7d4501b2a.js" nonce="" defer=""></script><script src="./order_files/ads_provider_ads-context-provider-3e5aef8a7e59e665.js" nonce="" defer=""></script><script src="./order_files/ads_core_hooks_use-is-sp-tracking-enable-4c09df0c8795bf74.js" nonce="" defer=""></script><script src="./order_files/home_data-access_utils-3ec61288397a1d92.js" nonce="" defer=""></script><script src="./order_files/ads_ui_locale-text-sponsored-c78bae0706efce66.js" nonce="" defer=""></script><script src="./order_files/node_modules_.pnpm_debounce@1.2_node_modules_debounce_index-53952aa5da8e309e.js" nonce="" defer=""></script><script src="./order_files/index-22deea3864ee2aa5.js" nonce="" defer=""></script><script src="./order_files/_buildManifest.js" nonce="" defer=""></script><script src="./order_files/_ssgManifest.js" nonce="" defer=""></script><script nonce="">var TBRewriteHostAltWeight = 10.000000;</script><script async="async" defer="defer" src="./order_files/capabilities.min.js" nonce=""></script><script>bazadebezolkohpepadr="1636480494"</script><script type="text/javascript" src="./order_files/618ab6e0" defer=""></script><script type="text/javascript" src="./order_files/rum.js" async=""></script><link rel="prefetch" as="script" href="./order_files/node_modules_.pnpm_isomorphic-dompurify@0.13_node_modules_isomorphic-dompurify_browser-fa64bcd6cd41ebb5.js"><link rel="prefetch" as="script" href="./order_files/ui_horizontal-scroller_horizontal-scroller-bd21b7b8a3afa183.js"><link rel="prefetch" as="script" href="./order_files/ui_product-tile_locale_messages-b674836883463323.js"><link rel="prefetch" as="script" href="./order_files/cart_data-access_hooks_panel-cart-context-124882624ba6c014.js"><link rel="prefetch" as="script" href="./order_files/ui_quantity-stepper_quantity-stepper-58ac17afdcb5791e.js"><link rel="prefetch" as="script" href="./order_files/cart_add-to-cart_add-to-cart-6baef2a7d4501b2a.js"><link rel="prefetch" as="script" href="./order_files/ads_provider_ads-context-provider-3e5aef8a7e59e665.js"><link rel="prefetch" as="script" href="./order_files/item_data-hooks_item-data-hooks-1e0bbf410d145aca.js"><link rel="prefetch" as="script" href="./order_files/ui_event-timer_queue-timer-a52c3eae89666d55.js"><link rel="prefetch" as="script" href="./order_files/ui_collapsed-item-list_collapsed-item-list-940701e08d3774b1.js"><link rel="prefetch" as="script" href="./order_files/marketplace_product-seller-info_product-seller-info-d4d85d9cc4ea9b47.js"><link rel="prefetch" as="script" href="https://i5.walmartimages.com/dfw/63fd9f59-1620/44d98f6c-ab66-4b83-b997-564f27fa7dc2/v2/en-US/_next/static/chunks/cart_use-step_use-step-navigation-5036db46be900106.js"><link rel="prefetch" as="script" href="./order_files/cart_data-access_hooks_use-get-cart-query-info-b44fa76a4643c6b6.js"><link rel="prefetch" as="script" href="./order_files/cart_data-access_hooks_cart-fsm-418cfd1ed2663632.js"><link rel="prefetch" as="script" href="https://i5.walmartimages.com/dfw/63fd9f59-1620/44d98f6c-ab66-4b83-b997-564f27fa7dc2/v2/en-US/_next/static/chunks/checkout_bookslot-data-access_transformers-abfd8d73ebb61ad4.js"><link rel="prefetch" as="script" href="https://i5.walmartimages.com/dfw/63fd9f59-1620/44d98f6c-ab66-4b83-b997-564f27fa7dc2/v2/en-US/_next/static/chunks/checkout_bookslot-shared_hooks_use-get-slots-query-data-f45f437f237fcbbd.js"><link rel="prefetch" as="script" href="https://i5.walmartimages.com/dfw/63fd9f59-1620/44d98f6c-ab66-4b83-b997-564f27fa7dc2/v2/en-US/_next/static/chunks/cart_item-updates-container_hooks_price-change-items-f7dfaf9a5a8e1ec3.js"><link rel="prefetch" as="script" href="https://i5.walmartimages.com/dfw/63fd9f59-1620/44d98f6c-ab66-4b83-b997-564f27fa7dc2/v2/en-US/_next/static/chunks/cart_common-components_locale_messages-322245e0da7021c9.js"><link rel="prefetch" as="script" href="https://i5.walmartimages.com/dfw/63fd9f59-1620/44d98f6c-ab66-4b83-b997-564f27fa7dc2/v2/en-US/_next/static/chunks/cart_item-updates-container_utils_beacon-payload-959c1a384ccf5596.js"><link rel="prefetch" as="script" href="https://i5.walmartimages.com/dfw/63fd9f59-1620/44d98f6c-ab66-4b83-b997-564f27fa7dc2/v2/en-US/_next/static/chunks/cart_product-tile-container_cart-product-tile-b4330c127e2771f1.js"><link rel="prefetch" as="script" href="https://i5.walmartimages.com/dfw/63fd9f59-1620/44d98f6c-ab66-4b83-b997-564f27fa7dc2/v2/en-US/_next/static/chunks/checkout_bookslot-data-access_hooks_use-save-slot-57c437e188b664ae.js"><link rel="prefetch" as="script" href="https://i5.walmartimages.com/dfw/63fd9f59-1620/44d98f6c-ab66-4b83-b997-564f27fa7dc2/v2/en-US/_next/static/chunks/cart_data-access_hooks_update-fulfillment-option-a6812020a33bf72e.js"><link rel="prefetch" as="script" href="https://i5.walmartimages.com/dfw/63fd9f59-1620/44d98f6c-ab66-4b83-b997-564f27fa7dc2/v2/en-US/_next/static/chunks/cart_pos_fees-e806101d3aa80f46.js"><link rel="prefetch" as="script" href="https://i5.walmartimages.com/dfw/63fd9f59-1620/44d98f6c-ab66-4b83-b997-564f27fa7dc2/v2/en-US/_next/static/chunks/amends_data-access_hooks_use-amendable-order-query-031c31653f4bb55c.js"><link rel="prefetch" as="script" href="https://i5.walmartimages.com/dfw/63fd9f59-1620/44d98f6c-ab66-4b83-b997-564f27fa7dc2/v2/en-US/_next/static/chunks/cart_index-page_empty-cart-20cac72ae49427f6.js"><link rel="prefetch" as="script" href="https://i5.walmartimages.com/dfw/63fd9f59-1620/44d98f6c-ab66-4b83-b997-564f27fa7dc2/v2/en-US/_next/static/chunks/account_data-access_get-account-landing-query-be844bf54bd517c6.js"><link rel="prefetch" as="script" href="https://i5.walmartimages.com/dfw/63fd9f59-1620/44d98f6c-ab66-4b83-b997-564f27fa7dc2/v2/en-US/_next/static/chunks/node_modules_.pnpm_debounce@1.2_node_modules_debounce_index-ba3f49bc9e57ce30.js"><link rel="prefetch" as="script" href="https://i5.walmartimages.com/dfw/63fd9f59-1620/44d98f6c-ab66-4b83-b997-564f27fa7dc2/v2/en-US/_next/static/chunks/us_cart_index-page-ba1070f0a2f0f3f0.js"><link rel="prefetch" as="script" href="https://i5.walmartimages.com/dfw/63fd9f59-1620/44d98f6c-ab66-4b83-b997-564f27fa7dc2/v2/en-US/_next/static/chunks/us_cart_index-page.606755d06b48dafb.js"><link rel="prefetch" as="script" href="./order_files/account_data-access_address-queries-dd3ac437660a72b6.js"><link rel="prefetch" as="script" href="https://i5.walmartimages.com/dfw/63fd9f59-1620/44d98f6c-ab66-4b83-b997-564f27fa7dc2/v2/en-US/_next/static/chunks/cart_data-access-core_hooks_use-show-gifting-copy.051ee45f7d2697b7.js"><link rel="prefetch" as="script" href="https://i5.walmartimages.com/dfw/63fd9f59-1620/44d98f6c-ab66-4b83-b997-564f27fa7dc2/v2/en-US/_next/static/chunks/checkout_bookslot-shared_hooks_use-bookslot-config.11e3e9f04c4d39da.js"><link rel="prefetch" as="script" href="https://i5.walmartimages.com/dfw/63fd9f59-1620/44d98f6c-ab66-4b83-b997-564f27fa7dc2/v2/en-US/_next/static/chunks/checkout_bookslot-fulfillment-details_hooks_use-wplus-member-2af59e60d0746ff3.js"><link rel="prefetch" as="script" href="https://i5.walmartimages.com/dfw/63fd9f59-1620/44d98f6c-ab66-4b83-b997-564f27fa7dc2/v2/en-US/_next/static/chunks/cart-bookslot-panel.d2d8d3b2ae2f9498.js"><link rel="prefetch" as="script" href="https://i5.walmartimages.com/dfw/63fd9f59-1620/44d98f6c-ab66-4b83-b997-564f27fa7dc2/v2/en-US/_next/static/chunks/platform_utils-date-time_date-time.07bf5a057ecc37ab.js"><script type="text/javascript" src="./order_files/rum-mappings.js" async=""></script><script type="text/javascript" async="" defer="" src="./order_files/quantum-walmart.js"></script><script><iframe data-qm-worker="" src="./order_files/quantum-walmart-worker.html" style="display: none;"></iframe></script><link rel="prefetch" as="script" href="https://i5.walmartimages.com/dfw/63fd9f59-1620/44d98f6c-ab66-4b83-b997-564f27fa7dc2/v2/en-US/_next/static/chunks/orders_ui_tempo-modules.ebfe75b5200e7b79.js"><link rel="prefetch" as="script" href="https://i5.walmartimages.com/dfw/63fd9f59-1620/44d98f6c-ab66-4b83-b997-564f27fa7dc2/v2/en-US/_next/static/chunks/node_modules_.pnpm_debounce@1.2_node_modules_debounce_index.35b05054f75faf5b.js"></head><body class="" style="top: 0px;"><div id="__next" data-reactroot=""><div class=""><div data-testid="layout-container" class="flex flex-column min-vh-100 shadow-2" style="transform:none;transition:transform .2s"><span data-testid="global-header" class="bg-secondary sticky w-100 top-0 z-1"><a link-identifier="Generic Name" href="https://www.walmart.com/orders/200011054626160#maincontent" class="slider skip-main bg-white-90">Skip to Main Content</a><header class="flex items-center justify-center pa3 center-hdkp ph3-hdkp nav-clickable-padded" data-testid="responsiveHeader"><div class="flex items-center justify-center dn-hdkp" style="transition:opacity .3s"><button type="button" aria-hidden="false" class="flex items-center b--none bg-transparent mr3 pa0 pointer white h3 w3 no-underline" aria-label="Menu" aria-expanded="false" data-testid="Menu"><i class="ld ld-Menu" aria-hidden="true" style="font-size: 1.5rem; vertical-align: -0.25em; width: 24px; height: 24px; box-sizing: content-box;"></i></button><a link-identifier="walmartLogoMobile" aria-hidden="false" aria-label="Walmart Homepage" class="gold h3 w3 dn-hdkp" data-automation-id="header-link-walmartLogo" href="https://www.walmart.com/"><img loading="lazy" src="./order_files/Walmart+_Logo_mweb.svg" alt="Walmart+" width="32" height="32" class="db"></a></div><a link-identifier="walmartLogoDesktop" aria-label="Walmart Homepage" class="dn db-hdkp flex-none pa3 hover-bg-dark-primary pt0" style="border-radius:100px;height:48px;transition:all 100ms cubic-bezier(0.77, 0, 0.175, 1)" href="https://www.walmart.com/"><img loading="lazy" src="./order_files/wplus-header-logo-desktop.svg" alt="Walmart+" width="137" height="49" class="db"></a><section class="dn db-hdkp"><div class="relative"><button type="button" class="flex items-center no-underline ph3 white desktop-header-trigger lh-title b pointer ba b--transparent bg-transparent sans-serif" style="border-radius:100px;height:48px;transition:all 100ms cubic-bezier(0.77, 0, 0.175, 1)" aria-haspopup="true" aria-expanded="false"><div style="width:24px"><i class="ld ld-Grid mr2" style="font-size:1rem;vertical-align:-0.175em;width:1rem;height:1rem;box-sizing:content-box" aria-hidden="true"></i></div>Departments</button><div class="absolute bg-white br3 br--bottom left-0 lh-copy mt3 overflow-hidden shadow-1 dn" data-testid="departments-flyout" style="margin-top: 20px; left: 50%; transform: none; margin-left: -135px; max-height: 552px;"><div></div></div></div></section><section class="dn db-hdkp"><div class="relative"><button type="button" class="flex items-center no-underline ph3 white desktop-header-trigger lh-title b pointer ba b--transparent bg-transparent sans-serif" style="border-radius:100px;height:48px;transition:all 100ms cubic-bezier(0.77, 0, 0.175, 1)" aria-haspopup="true" aria-expanded="false"><div style="width:24px"><i class="ld ld-Services mr2" style="font-size:1rem;vertical-align:-0.175em;width:1rem;height:1rem;box-sizing:content-box" aria-hidden="true"></i></div>Services</button><div class="absolute bg-white br3 br--bottom left-0 lh-copy mt3 overflow-hidden shadow-1 dn" data-testid="services-flyout" style="margin-top: 20px; left: 50%; transform: none; margin-left: -135px; max-height: 552px;"><div></div></div></div></section><form action="https://www.walmart.com/search" autocomplete="off" role="search" class="flex flex-auto items-center justify-center pl3 justify-start-hdkp pa0-hdkp ml3-hdkp static" data-testid="search-form"><div class="flex flex-auto items-center relative"><input type="search" aria-label="Search" aria-activedescendant="" class="b--none f5 flex-auto lh-solid sans-serif br-pill" name="q" placeholder="Search everything at Walmart online and in store" style="height:40px;padding-left:1rem;padding-right:2.5rem" aria-autocomplete="list" aria-haspopup="listbox" autocomplete="off" value="" data-automation-id="header-input-search"><button aria-label="Clear search field text" class="absolute bn bg-transparent h-100 right-2" style="padding:0 0.75rem;cursor:pointer;opacity:0" type="reset" tabindex="-1" aria-hidden="true"><i class="ld ld-Close" style="font-size:1rem;vertical-align:-0.175em;width:1rem;height:1rem;box-sizing:content-box"></i></button><button aria-label="Search icon" class="absolute bn br-100 bg-gold h3 w3" style="right:0.25rem;cursor:pointer"><i class="ld ld-Search absolute" style="font-size:1rem;vertical-align:-0.175em;top:50%;left:50%;transform:translate(-50%, -50%);width:1rem;height:1rem;box-sizing:content-box" data-automation-id="search-icon" aria-hidden="true"></i></button></div><button aria-hidden="true" aria-label="Cancel search" class="bn bg-transparent mh1 ph2 pv2 pointer sans-serif underline white z-1 dn-hdkp clip o-0" style="transition:opacity .3s" tabindex="-1" type="button">Cancel</button></form><div class="dn db-hdkp ml3 relative"><a link-identifier="Reorder my items" class="flex items-center no-underline ph3 white desktop-header-trigger lh-title lh-solid" style="border-radius:100px;height:48px;transition:all 100ms cubic-bezier(0.77, 0, 0.175, 1)" aria-haspopup="true" aria-expanded="false" role="button" href="https://www.walmart.com/my-items"><i class="ld ld-Heart" style="font-size:1rem;vertical-align:-0.175em;width:16px;height:1rem;box-sizing:content-box" aria-hidden="true"></i><div class="ml2 nowrap"><div class="f7 lh-title">Reorder</div><div class="b">My Items</div></div></a><div class="absolute bg-white br3 br--bottom left-0 lh-copy mt3 overflow-hidden shadow-1 dn" data-testid="my-items-flyout" style="margin-top:20px;left:50%;transform:translateX(-50%)"><div class="ph4 pt4 pb2" data-automation-id="walmart-myitems"><a link-identifier="Reorder" class="dark-gray db f6 no-underline nowrap desktop-header-flyout-link mb3" data-automation-id="walmart-reorder" href="https://www.walmart.com/my-items"><i class="ld ld-Reorder mr2" style="font-size:1rem;vertical-align:-0.175em;width:1rem;height:1rem;box-sizing:content-box"></i>Reorder</a><a link-identifier="Lists" class="dark-gray db f6 no-underline nowrap desktop-header-flyout-link mb3" data-automation-id="walmart-list" href="https://www.walmart.com/lists"><i class="ld ld-Heart mr2" style="font-size:1rem;vertical-align:-0.175em;width:1rem;height:1rem;box-sizing:content-box"></i>Lists</a><a link-identifier="Registries" class="dark-gray db f6 no-underline nowrap desktop-header-flyout-link mb3" href="https://www.walmart.com/my-registries"><i class="ld ld-Gift mr2" style="font-size:1rem;vertical-align:-0.175em;width:1rem;height:1rem;box-sizing:content-box"></i>Registries</a></div></div></div><div class="dn db-hdkp relative"><a link-identifier="Account" class="flex items-center no-underline ph3 white desktop-header-trigger lh-title lh-solid" style="border-radius:100px;height:48px;transition:all 100ms cubic-bezier(0.77, 0, 0.175, 1)" aria-haspopup="true" aria-expanded="false" role="button" href="https://www.walmart.com/account"><i class="ld ld-User" style="font-size:1rem;vertical-align:-0.175em;width:16px;height:1rem;box-sizing:content-box" aria-hidden="true"></i><div class="ml2 nowrap"><div class="f7 mw3 mw4-hdkp truncate" data-testid="logged-in-account-button-name">Hi, Swastik G</div><div class="b">Account</div></div></a><div class="absolute bg-white br3 br--bottom left-0 lh-copy mt3 overflow-hidden shadow-1 dn" data-testid="account-flyout" style="margin-top:20px;left:50%;transform:translateX(-50%)"><div class="pa4"><a link-identifier="Purchase History" class="dark-gray db f6 no-underline nowrap desktop-header-flyout-link mb3" href="https://www.walmart.com/orders"><i class="ld ld-Receipt mr2" style="font-size:1rem;vertical-align:-0.175em;width:1rem;height:1rem;box-sizing:content-box"></i>Purchase History</a><a link-identifier="Walmart Plus" class="dark-gray db f6 no-underline nowrap desktop-header-flyout-link mb3" href="https://www.walmart.com/account/plus/overview"><img loading="lazy" class="mr2 f5" src="./order_files/wplus-icon-blue.svg" alt="Walmart+" height="16" width="16" style="vertical-align:-0.175em">Walmart+</a><a link-identifier="Account" class="dark-gray db f6 no-underline nowrap desktop-header-flyout-link mb3" href="https://www.walmart.com/account"><i class="ld ld-User mr2" style="font-size:1rem;vertical-align:-0.175em;width:1rem;height:1rem;box-sizing:content-box"></i>Account</a><div class="mb3"><hr aria-hidden="true" class="w_8Gn9"></div><a link-identifier="Generic Name" class="dark-gray db f6 no-underline nowrap desktop-header-flyout-link" href="https://www.walmart.com/account/logout?vid=oaoh"><i class="ld ld-SignOut mr2" style="font-size:1rem;vertical-align:-0.175em;width:1rem;height:1rem;box-sizing:content-box"></i>Sign Out</a></div></div></div><div aria-hidden="false" class="undefined" style="transition:opacity .3s"><div class="relative"><div class="cart-button ml2 flex justify-center db-hdkp justify-start-hdkp h-auto-hdkp flex-column mr4-hdkp"><button type="button" id="cart-button-header" data-automation-id="cart-button-header" aria-label="Cart contains 0 items" class="bn bg-transparent br2 flex flex-column items-center justify-center pa0 pointer relative sans-serif white pa3 hover-bg-dark-primary" style="border-radius:100px;height:48px;transition:all 100ms cubic-bezier(0.77, 0, 0.175, 1)"><i class="ld ld-Cart white mr1" style="font-size:1.5rem;vertical-align:-0.25em;width:24px;height:24px;box-sizing:content-box"></i><span class="w_nHwa w_r_kp w_Vhrw w_uS24 absolute " id="cart-badge" style="left: 50%; bottom: 60%; padding: 0px 4px;">0</span><span class="db" style="font-size: 0.625rem; height: 10px;">$0.00</span></button></div></div></div></header></span><div class="flex flex-column flex-auto relative z-0" aria-hidden="false"><div class="flex-auto relative z-1"><div class="main-content mw1280 center" id="maincontent" data-testid="maincontent"><main class="min-vh-100"><section><div class="dn db-m od-print-view"><nav aria-label="breadcrumb" class="ph4 pv3"><ol class="w_4HBV"><li class="w_wqtJ"><span link-identifier="My account"><a class="w_MSFl dark-gray" itemprop="item" href="https://www.walmart.com/account"><span itemprop="name">My account</span></a></span><span aria-hidden="true" class="w_95To">/</span></li><li class="w_wqtJ"><span link-identifier="Purchase history"><a class="w_MSFl dark-gray" itemprop="item" href="https://www.walmart.com/orders"><span itemprop="name">Purchase history</span></a></span><span aria-hidden="true" class="w_95To">/</span></li><li class="w_wqtJ"><span link-identifier="Order details"><a class="w_MSFl w_CNPD b dark-gray" itemprop="item" aria-current="location" href="https://www.walmart.com/orders/200011054626160"><span itemprop="name">Order details</span></a></span></li></ol></nav></div><div class="dn db-m"><div class="w_PLoZ pa0" id="ORDERDETAILS-SkylineDisplayAd-top"><span data-testid="UnfilledAd"></span></div></div><div class="flex relative-m"><div class="od-print-view"><img loading="eager" alt="greetingBackground" height="initial" width="initial" class="absolute" src="./order_files/wplus_hubpage_activemember_bg.svg" style="max-width: initial; max-height: initial; z-index: -1; top: -52px; left: -220px;"></div><div class="dn br b--black-10 flex-grow-0 flex-shrink-0 od-print-view db-l" style="width: 336px;"><section><nav><div data-testid="account-menu"><div class="pl3 pl4-m pt3-m pr4 pb2 pt4" style="background-image: none; background-repeat: no-repeat; background-size: cover; background-color: transparent;"><span class="flex items-center" style="max-width: 15rem;"><span><h1 class="ma0 underline-hover white no-underline truncate mw5"><a link-identifier="My Account" class="white no-underline ma0 pb2-m f2 lh-copy" data-qm-exclude="true" href="https://www.walmart.com/account">Hi, Swastik</a></h1><p class="white ma0 f7 lh-copy">Thanks for being a member since Sep 2022</p></span><span class="ml-auto"></span></span></div><div class="pl3 pl4-m pt2-m pr4 pb4"><ul class=" pa0"><li class="list nl4 nr4"><span link-identifier="yourOrders"><a class="w_R6fx f6 mid-gray " href="https://www.walmart.com/orders"><span class="w_uYxD"><i class="ld ld-Receipt mid-gray f5" style="font-size: 1rem; vertical-align: -0.175em; width: 1rem; height: 1rem; box-sizing: content-box;"></i></span><span>Purchase history</span></a></span></li><li class="list nl4 nr4"><span link-identifier="wallet"><a class="w_R6fx f6 mid-gray " href="https://www.walmart.com/wallet"><span class="w_uYxD"><i class="ld ld-Wallet mid-gray f5" style="font-size: 1rem; vertical-align: -0.175em; width: 1rem; height: 1rem; box-sizing: content-box;"></i></span><span>Wallet</span></a></span></li><li class="list nl4 nr4"><span link-identifier="w+"><a class="w_R6fx f6 mid-gray " href="https://www.walmart.com/account/plus/overview"><span class="w_uYxD"><img loading="lazy" class="mid-gray f5" src="./order_files/wplus-icon-blue.svg" alt="icon" width="16" height="16" style="vertical-align: -0.175em;"></span><span>Walmart+</span></a></span></li></ul><hr aria-hidden="true" class="w_8Gn9 pr4"><h2 class="mb0 mt3 f5 lh-copy dark-gray">Your profile</h2><ul class=" pa0"><li class="list nl4 nr4"><span link-identifier="vehicles"><a class="w_R6fx f6 mid-gray " href="https://www.walmart.com/acc/garage"><span class="w_uYxD"><i class="ld ld-Car mid-gray f5" style="font-size: 1rem; vertical-align: -0.175em; width: 1rem; height: 1rem; box-sizing: content-box;"></i></span><span>Vehicles</span></a></span></li></ul><hr aria-hidden="true" class="w_8Gn9 pr4"><h2 class="mb0 mt3 f5 lh-copy dark-gray">Manage Account</h2><ul class=" pa0"><li class="list nl4 nr4"><span link-identifier="personalInfo"><a class="w_R6fx f6 mid-gray " href="https://www.walmart.com/account/profile"><span class="w_uYxD"><i class="ld ld-User mid-gray f5" style="font-size: 1rem; vertical-align: -0.175em; width: 1rem; height: 1rem; box-sizing: content-box;"></i></span><span>Personal info</span></a></span></li><li class="list nl4 nr4"><span link-identifier="deliveryAddresses"><a class="w_R6fx f6 mid-gray " href="https://www.walmart.com/account/delivery-addresses"><span class="w_uYxD"><i class="ld ld-Car mid-gray f5" style="font-size: 1rem; vertical-align: -0.175em; width: 1rem; height: 1rem; box-sizing: content-box;"></i></span><span>Addresses</span></a></span></li><li class="list nl4 nr4"><span link-identifier="communicationAndPrivacy"><a class="w_R6fx f6 mid-gray " href="https://www.walmart.com/account/communications-and-privacy"><span class="w_uYxD"><i class="ld ld-Email mid-gray f5" style="font-size: 1rem; vertical-align: -0.175em; width: 1rem; height: 1rem; box-sizing: content-box;"></i></span><span>Communications &amp; privacy</span></a></span></li><li class="list nl4 nr4"><span link-identifier="sparkGood"><a class="w_R6fx f6 mid-gray " href="https://www.walmart.com/account/spark-good"><span class="w_uYxD"><i class="ld ld-AccountCharityHeart mid-gray f5" style="font-size: 1rem; vertical-align: -0.175em; width: 1rem; height: 1rem; box-sizing: content-box;"></i></span><span>Giving &amp; impact</span></a></span></li></ul><hr aria-hidden="true" class="w_8Gn9 pr4"><div><h2 class="mb0 mt3 f5 lh-copy dark-gray">My items</h2><ul class=" pa0"><li class="list nl4 nr4"><span link-identifier="rewardsCenter" href="https://www.walmart.com/cp/8301756"><a class="w_R6fx f6 mid-gray " href="https://www.walmart.com/cp/8301756"><span class="w_uYxD"><i class="ld ld-MoneyCircle mid-gray f5" style="font-size: 1rem; vertical-align: -0.175em; width: 1rem; height: 1rem; box-sizing: content-box;"></i></span><span>Rewards Center</span></a></span></li><li class="list nl4 nr4"><span link-identifier="reorder" href="https://www.walmart.com/my-items"><a class="w_R6fx f6 mid-gray " href="https://www.walmart.com/my-items"><span class="w_uYxD"><i class="ld ld-Reorder mid-gray f5" style="font-size: 1rem; vertical-align: -0.175em; width: 1rem; height: 1rem; box-sizing: content-box;"></i></span><span>Reorder</span></a></span></li><li class="list nl4 nr4"><span link-identifier="lists"><a class="w_R6fx f6 mid-gray " href="https://www.walmart.com/lists"><span class="w_uYxD"><i class="ld ld-Heart mid-gray f5" style="font-size: 1rem; vertical-align: -0.175em; width: 1rem; height: 1rem; box-sizing: content-box;"></i></span><span>Lists</span></a></span></li><li class="list nl4 nr4"><span link-identifier="registries"><a class="w_R6fx f6 mid-gray " href="https://www.walmart.com/my-registries"><span class="w_uYxD"><i class="ld ld-Gift mid-gray f5" style="font-size: 1rem; vertical-align: -0.175em; width: 1rem; height: 1rem; box-sizing: content-box;"></i></span><span>Registries</span></a></span></li></ul><hr aria-hidden="true" class="w_8Gn9 pr4"></div><h2 class="mb0 mt3 f5 lh-copy dark-gray">Subscriptions &amp; plans</h2><ul class=" pa0"><li class="list nl4 nr4"><span link-identifier="protectionPlans"><a class="w_R6fx f6 mid-gray " href="https://www.walmart.com/protection-plans"><span class="w_uYxD"><i class="ld ld-Shield mid-gray f5" style="font-size: 1rem; vertical-align: -0.175em; width: 1rem; height: 1rem; box-sizing: content-box;"></i></span><span>Protection plans</span></a></span></li></ul><hr aria-hidden="true" class="w_8Gn9 pr4"><h2 class="mb0 mt3 f5 lh-copy dark-gray">Other Accounts</h2><ul class=" pa0"><li class="list nl4 nr4"><span link-identifier="pharmacy" href="https://www.walmart.com/pharmacy/dashboard"><a class="w_R6fx f6 mid-gray " href="https://www.walmart.com/pharmacy/dashboard"><span class="w_uYxD"><i class="ld ld-PillBottle mid-gray f5" style="font-size: 1rem; vertical-align: -0.175em; width: 1rem; height: 1rem; box-sizing: content-box;"></i></span><span>Pharmacy</span></a></span></li><li class="list nl4 nr4"><span link-identifier="photo" href="https://photos3.walmart.com/account/orders"><a class="w_R6fx f6 mid-gray " href="https://photos3.walmart.com/account/orders"><span class="w_uYxD"><i class="ld ld-Image mid-gray f5" style="font-size: 1rem; vertical-align: -0.175em; width: 1rem; height: 1rem; box-sizing: content-box;"></i></span><span>Photo</span></a></span></li><li class="list nl4 nr4"><span link-identifier="ebooks" href="https://www.walmart.com/account/redirect/kobo?page=library"><a class="w_R6fx f6 mid-gray " href="https://www.walmart.com/account/redirect/kobo?page=library"><span class="w_uYxD"><i class="ld ld-Ebook mid-gray f5" style="font-size: 1rem; vertical-align: -0.175em; width: 1rem; height: 1rem; box-sizing: content-box;"></i></span><span>Ebooks</span></a></span></li></ul><hr aria-hidden="true" class="w_8Gn9 pr4"><h2 class="mb0 mt3 f5 lh-copy dark-gray">Privacy</h2><ul class=" pa0"><li class="list nl4 nr4"><span link-identifier="privacyPolicy" href="https://corporate.walmart.com/privacy-security/walmart-privacy-policy"><a class="w_R6fx f6 mid-gray " href="https://corporate.walmart.com/privacy-security/walmart-privacy-policy"><span class="w_uYxD"><i class="ld ld-Lock mid-gray f5" style="font-size: 1rem; vertical-align: -0.175em; width: 1rem; height: 1rem; box-sizing: content-box;"></i></span><span>Privacy Policy</span></a></span></li><li class="list nl4 nr4"><span link-identifier="doNotSellMyInformation"><a class="w_R6fx f6 mid-gray " href="https://www.walmart.com/account/api/ccpa-intake?native=false&amp;app=gm&amp;type=sod"><span class="w_uYxD"><img loading="lazy" class="mid-gray f5" src="./order_files/account-gray-privay-choices.svg" alt="icon" width="16" height="16" style="vertical-align: -0.175em;"></span><span>Your Privacy Choices</span></a></span></li><li class="list nl4 nr4"><span link-identifier="requestMyPersonalInfo"><a class="w_R6fx f6 mid-gray " href="https://www.walmart.com/account/api/ccpa-intake?native=false&amp;app=gm&amp;type=access"><span class="w_uYxD"><i class="ld ld-Article mid-gray f5" style="font-size: 1rem; vertical-align: -0.175em; width: 1rem; height: 1rem; box-sizing: content-box;"></i></span><span>Request My Personal Information</span></a></span></li></ul><hr aria-hidden="true" class="w_8Gn9 pr4"><h2 class="mb0 mt3 f5 lh-copy dark-gray">Customer Service</h2><ul class=" pa0"><li class="list nl4 nr4"><span link-identifier="help"><a class="w_R6fx f6 mid-gray " href="https://www.walmart.com/help"><span class="w_uYxD"><i class="ld ld-QuestionCircle mid-gray f5" style="font-size: 1rem; vertical-align: -0.175em; width: 1rem; height: 1rem; box-sizing: content-box;"></i></span><span>Help</span></a></span></li><li class="list nl4 nr4"><span link-identifier="termsOfUse" href="https://www.walmart.com/help/article/walmart-com-terms-of-use/3b75080af40340d6bbd596f116fae5a0"><a class="w_R6fx f6 mid-gray " href="https://www.walmart.com/help/article/walmart-com-terms-of-use/3b75080af40340d6bbd596f116fae5a0"><span class="w_uYxD"><i class="ld ld-InfoCircle mid-gray f5" style="font-size: 1rem; vertical-align: -0.175em; width: 1rem; height: 1rem; box-sizing: content-box;"></i></span><span>Terms of Use</span></a></span></li></ul><hr aria-hidden="true" class="w_8Gn9 pr4"><ul class=" pa0"><li class="list nl4 nr4"><span link-identifier="signOut"><a class="w_R6fx f6 mid-gray " href="https://www.walmart.com/account/logout?vid=oaoh"><span class="w_uYxD"><i class="ld ld-SignOut mid-gray f5" style="font-size: 1rem; vertical-align: -0.175em; width: 1rem; height: 1rem; box-sizing: content-box;"></i></span><span>Sign Out</span></a></span></li></ul></div></div></nav></section></div><div class="w-100 di-m flex-auto"><img loading="eager" alt="Walmart" class="dn odp-walmart-logo" src="./order_files/k2-_26528e21-40f8-43a5-a21b-44e5528d2dd6.v11.png" height="33" width="135"><div class="print-bill-body"><div class="flex-m flex-wrap-m justify-between-m ma3 mt4 mh4-m mt0-m mb3-m print-bill-heading" id="order-details-top"><div class="flex flex-column flex-row-m justify-between items-center-m print-bill-subheader"><h1 class="w_kV33 w_LD4J w_mvVb f3 f-subheadline-m di-m dark-gray-m print-bill-date lh-copy">Jun 25, 2023 order</h1><span class="dn di-m f-subheadline-m ph3-m">|</span><div class="f6 f-subheadline-m mid-gray dark-gray-m lh-copy v-mid mt2 mt0-m print-bill-bar-id">Order# 2000110-54626160</div></div><div class="flex justify-between flex-wrap-m"><div class="print-barcode dn"><img loading="eager" src="./order_files/barcode" alt="Barcode" class="h4 w-100" width="100" height="100"></div></div><div class="pt3 od-print-view flex items-center"><div class="dn di-m"><div class="flex"><i class="ld ld-Printer pr2 pt1" style="font-size: 1rem; vertical-align: -0.175em; width: 1rem; height: 1rem; box-sizing: content-box;"></i><button class="bg-transparent bn lh-solid pa0 sans-serif tc underline inline-button black pointer f6" type="button">Print</button><span aria-hidden="true" class="ph3">|</span></div></div><a class="w_x7ug" link-identifier="Generic Name" href="https://www.walmart.com/help"><span class="w_U9_0 w_sD6D w_QcqU black od-print-view dn di-m">Need help?</span></a></div></div><div class="flex-m items-start mr4-m print-bill-content"><div class="w-two-thirds-m"><div class="od-print-view"></div><div class="dn-m ma3 od-print-view"><button class="w_hhLG w_XK4d w_lgOn w_jDfj" type="button">Start a return</button></div><div id="NTg0NTYxODgx" class="mb4 mh3 mh4-m print-bill-group"><div class="w_0Uhy w_QddF od-print-view" data-testid="orderInfoCard"><div class="pa3 pa4-m"><section><div class="flex flex-wrap w-100 justify-between"><div class="w-100"><div class="flex mid-gray f6"><div class="w-100 f7 f6-m flex flex-column order-0"><div class="flex justify-between items-center"><div class="f6" id="caption-200011054626160Delivery_from_store">Delivery from store</div><div class="flex flex-row ml2-m"></div></div><div class="flex-m flex-column justify-between mt1 mt2-m mb1-m"><h2 class="w_kV33 w_Sl3f w_mvVb f3">Delivered on Jun 25</h2></div><div class="mt1"><span class="w_pnX5 w_0eSg">Return eligible until Sat, Sep 23</span></div></div><div class="dn db-l"><div class="dn db-m"><div class="flex-m w-100 w-auto-m"></div></div></div></div><div class="mt3 db dn-l"><div class="dn db-m"><div class="flex-m w-100 w-auto-m"></div></div></div><div class="w_3B1F w_H1Mj mt3 mt4-m order-4 mid-gray-m" data-testid="ost-progress-bar"><div class="w__Z5v"><span class="w_anX0"><span class="w_P_3h" style="width: 100%;"></span></span></div><div class="w_DGej" role="list"><span class="w_u9mM w_8wh_ w_oaIB w_I2xX" role="listitem" style="width: 16.6667%;"><span class="w_iUH7">Complete,</span><svg aria-hidden="true" class="w_Q6dh" viewBox="0 0 16 16" xmlns="http://www.w3.org/2000/svg"><circle class="w_KFd8" cx="8" cy="8" r="7"></circle><circle class="w_GpzO" cx="8" cy="8" r="4"></circle></svg><span class="word-normal">Placed</span></span><span class="w_u9mM w_8wh_ w_oaIB w_I2xX" role="listitem" style="width: 33.3333%;"><span class="w_iUH7">Complete,</span><svg aria-hidden="true" class="w_Q6dh" viewBox="0 0 16 16" xmlns="http://www.w3.org/2000/svg"><circle class="w_KFd8" cx="8" cy="8" r="7"></circle><circle class="w_GpzO" cx="8" cy="8" r="4"></circle></svg><span class="word-normal">Preparing</span></span><span class="w_u9mM w_8wh_ w_oaIB w_I2xX" role="listitem" style="width: 33.3333%;"><span class="w_iUH7">Complete,</span><svg aria-hidden="true" class="w_Q6dh" viewBox="0 0 16 16" xmlns="http://www.w3.org/2000/svg"><circle class="w_KFd8" cx="8" cy="8" r="7"></circle><circle class="w_GpzO" cx="8" cy="8" r="4"></circle></svg><span class="word-normal">On the way</span></span><span class="w_u9mM w_8wh_ w_oaIB w_R9tU w_I2xX" role="listitem" style="width: 16.6667%;"><span class="w_iUH7">Current,</span><svg aria-hidden="true" class="w_Q6dh" viewBox="0 0 16 16" xmlns="http://www.w3.org/2000/svg"><circle class="w_KFd8" cx="8" cy="8" r="7"></circle><circle class="w_GpzO" cx="8" cy="8" r="4"></circle></svg><span class="word-normal">Delivered</span></span></div></div></div><div class="w-100"></div><div class="w-100 di dn-m"><div class="flex-m w-100 w-auto-m"></div></div></div></section></div><hr aria-hidden="true" class="w_8Gn9"><div class="dn-m"><div class="pa3 ph0-m pt0-m"><div class="flex justify-between"><h2 class="w_kV33 w_Sl3f w_mvVb f5 f4-m lh-copy">Address</h2></div><div class="flex flex-column mid-gray pt2 pt1-m lh-copy" data-qm-mask="true"><span class="w_yTSq w_0aYG w_TErl">Swastik Ghosh</span><span class="w_yTSq w_0aYG w_TErl">1120 Carlton Ave, Apt 203, Raleigh, NC 27606</span></div></div><hr aria-hidden="true" class="w_8Gn9 mb3-m"><div class="pa3 ph0-m pt0-m"><div class="flex justify-between"><h2 class="w_kV33 w_Sl3f w_mvVb f5 f4-m lh-copy">Delivery instructions</h2><button class="bg-transparent bn lh-solid pa0 sans-serif tc underline inline-button black pointer f6" type="button" aria-label="Show delivery instructions" aria-expanded="false"><i class="ld ld-ChevronDown" style="font-size: 1.5rem; vertical-align: -0.25em; width: 1.5rem; height: 1.5rem; box-sizing: content-box;"></i></button></div></div><hr aria-hidden="true" class="w_8Gn9"></div><div> <div class="flex justify-between pv3 ph3 ph4-m"><span class="w_yTSq f5 b dark-gray w_0aYG w_MwbK">35 items received</span><button class="bg-transparent bn lh-solid pa0 sans-serif tc underline inline-button black pointer f6 pa0 no-underline" type="button" aria-label="Hide items" aria-expanded="true"><i class="ld ld-ChevronUp" style="font-size: 1.5rem; vertical-align: -0.25em; width: 1.5rem; height: 1.5rem; box-sizing: content-box;"></i></button></div><div><div class="ph3 pb0 ph4-m"></div><div class=""><div data-testid="category-accordion-Weight-adjusted"><div class="ph3 ph4-m pt3"><div class="flex justify-between items-center"><div><span class="w_yTSq f6 dark-gray b w_0aYG w_MwbK" data-testid="category-label">Weight-adjusted</span></div></div><div class="flex justify-between db-m"></div></div><div class="pa3 pb0 ph4-m"><div class="flex-m flex-column-m"><div class="flex mb2"><a class="w_x7ug flex no-underline" link-identifier="Generic Name" tabindex="-1" aria-hidden="true" href="https://www.walmart.com/ip/Fresh-Roma-Tomato-Each/44390944"><img loading="lazy" srcset="https://i5.walmartimages.com/asr/1816695f-3a84-418d-96c1-86521eca7d38_2.48b201b3f23d17a6d8c5bb80b28020d1.jpeg?odnHeight=104&amp;odnWidth=104&amp;odnBg=FFFFFF 1x, https://i5.walmartimages.com/asr/1816695f-3a84-418d-96c1-86521eca7d38_2.48b201b3f23d17a6d8c5bb80b28020d1.jpeg?odnHeight=208&amp;odnWidth=208&amp;odnBg=FFFFFF 2x" height="104" width="104" class="pointer mw-none" data-testid="productTileImage" alt="" src="./order_files/1816695f-3a84-418d-96c1-86521eca7d38_2.48b201b3f23d17a6d8c5bb80b28020d1.jpeg"></a><div class="flex flex-column w-100"><div class="flex flex-row"><div class="flex flex-column pl3 pr3 pr4-m"><div class="flex justify-between"><div class="f7 f5-m gray print-item-title"><a link-identifier="itemClick" aria-label="Fresh Roma Tomato, Each" class="no-underline" href="https://www.walmart.com/ip/Fresh-Roma-Tomato-Each/44390944"><div data-testid="productName" class="sans-serif f5-l lh-copy-l lh-title overflow-hidden mid-gray"><span class="w_V_DM" style="-webkit-line-clamp: 2; padding-bottom: 0em; margin-bottom: 0em;">Fresh Roma Tomato, Each</span></div></a><div class="mt1 mt1" data-testid="productDescription"><div class="lh-title f6-l lh-copy-l sans-serif gray">98.0¢/lb</div></div></div></div><div class="bill-order-weight-adjust"><div class="dn"> Weight-adjusted</div><div class="pt1 f7 f6-m bill-item-quantity gray">Qty 3</div></div></div><div class="ml-auto"><div class="column3"><div class="f5 b black tr"><span aria-hidden="false">$0.94</span></div></div></div></div></div></div><div class="ml7-m pl6-m cta"><div class="pl2-m flex justify-between flex-wrap"><div class="ml-auto flex"><div class="dib-xl ml3-xl mb3"><div class="relative dib"><button class="w_hhLG w_XK4d w_0_LY" type="button" aria-label="Add to cart - Fresh Roma Tomato, Each" style="position: relative;"><span style="visibility: visible;">Add to cart</span></button></div></div></div></div></div><div class=""><div class="mb2 cta"><i class="ld ld-Star" style="font-size: 1rem; vertical-align: -0.175em; width: 1rem; height: 1rem; box-sizing: content-box;"></i><a class="w_x7ug pa1 pr3 items-center f6" link-identifier="Generic Name" href="https://www.walmart.com/reviews/write-review?productId=44390944&amp;returnUrl=/orders/200011054626160&amp;campaign_id=ORDER-DETAILS-SINGLE-ITEM-REVIEW">Write a review</a></div></div></div></div><div class="pl3 pr3 pl4-m pr4-m"><hr aria-hidden="true" class="w_8Gn9"></div><div class="pa3 pb0 ph4-m"><div class="flex-m flex-column-m"><div class="flex mb2"><a class="w_x7ug flex no-underline" link-identifier="Generic Name" tabindex="-1" aria-hidden="true" href="https://www.walmart.com/ip/Green-Bell-Pepper/1410183411"><img loading="lazy" srcset="https://i5.walmartimages.com/asr/24893ec1-4563-41fa-9efb-42ba1d0d5e98.f417a4c35f49d4ecd5c479905aa827b3.jpeg?odnHeight=104&amp;odnWidth=104&amp;odnBg=FFFFFF 1x, https://i5.walmartimages.com/asr/24893ec1-4563-41fa-9efb-42ba1d0d5e98.f417a4c35f49d4ecd5c479905aa827b3.jpeg?odnHeight=208&amp;odnWidth=208&amp;odnBg=FFFFFF 2x" height="104" width="104" class="pointer mw-none" data-testid="productTileImage" alt="" src="./order_files/24893ec1-4563-41fa-9efb-42ba1d0d5e98.f417a4c35f49d4ecd5c479905aa827b3.jpeg"></a><div class="flex flex-column w-100"><div class="flex flex-row"><div class="flex flex-column pl3 pr3 pr4-m"><div class="flex justify-between"><div class="f7 f5-m gray print-item-title"><a link-identifier="itemClick" aria-label="Green Bell Pepper" class="no-underline" href="https://www.walmart.com/ip/Green-Bell-Pepper/1410183411"><div data-testid="productName" class="sans-serif f5-l lh-copy-l lh-title overflow-hidden mid-gray"><span class="w_V_DM" style="-webkit-line-clamp: 2; padding-bottom: 0em; margin-bottom: 0em;">Green Bell Pepper</span></div></a><div class="mt1 mt1" data-testid="productDescription"><div class="lh-title f6-l lh-copy-l sans-serif gray">72.0¢/ea</div></div></div></div><div class="bill-order-weight-adjust"><div class="dn"> Weight-adjusted</div><div class="pt1 f7 f6-m bill-item-quantity gray">Qty 3</div></div></div><div class="ml-auto"><div class="column3"><div class="f5 b black tr"><span aria-hidden="false">$2.16</span></div><div class="f7 nowrap gray tr"><span data-testid="item-price">$0.72 ea</span></div></div></div></div></div></div><div class="ml7-m pl6-m cta"><div class="pl2-m flex justify-between flex-wrap"><div class="ml-auto flex"><div class="dib-xl ml3-xl mb3"><div class="relative dib"><button class="w_hhLG w_XK4d w_0_LY" type="button" aria-label="Add to cart - Green Bell Pepper" style="position: relative;"><span style="visibility: visible;">Add to cart</span></button></div></div></div></div></div><div class=""><div class="mb2 cta"><i class="ld ld-Star" style="font-size: 1rem; vertical-align: -0.175em; width: 1rem; height: 1rem; box-sizing: content-box;"></i><a class="w_x7ug pa1 pr3 items-center f6" link-identifier="Generic Name" href="https://www.walmart.com/reviews/write-review?productId=1410183411&amp;returnUrl=/orders/200011054626160&amp;campaign_id=ORDER-DETAILS-SINGLE-ITEM-REVIEW">Write a review</a></div></div></div></div><div class="pl3 pr3 pl4-m pr4-m"><hr aria-hidden="true" class="w_8Gn9"></div><div class="pa3 pb0 ph4-m"><div class="flex-m flex-column-m"><div class="flex mb2"><a class="w_x7ug flex no-underline" link-identifier="Generic Name" tabindex="-1" aria-hidden="true" href="https://www.walmart.com/ip/Fresh-Cauliflower-Each/10402652"><img loading="lazy" srcset="https://i5.walmartimages.com/asr/974e5273-c07c-4914-af59-54a73338c57a.c6a6ed039054d49d1f4abcf55e91269c.jpeg?odnHeight=104&amp;odnWidth=104&amp;odnBg=FFFFFF 1x, https://i5.walmartimages.com/asr/974e5273-c07c-4914-af59-54a73338c57a.c6a6ed039054d49d1f4abcf55e91269c.jpeg?odnHeight=208&amp;odnWidth=208&amp;odnBg=FFFFFF 2x" height="104" width="104" class="pointer mw-none" data-testid="productTileImage" alt="" src="./order_files/974e5273-c07c-4914-af59-54a73338c57a.c6a6ed039054d49d1f4abcf55e91269c.jpeg"></a><div class="flex flex-column w-100"><div class="flex flex-row"><div class="flex flex-column pl3 pr3 pr4-m"><div class="flex justify-between"><div class="f7 f5-m gray print-item-title"><a link-identifier="itemClick" aria-label="Fresh Cauliflower, Each" class="no-underline" href="https://www.walmart.com/ip/Fresh-Cauliflower-Each/10402652"><div data-testid="productName" class="sans-serif f5-l lh-copy-l lh-title overflow-hidden mid-gray"><span class="w_V_DM" style="-webkit-line-clamp: 2; padding-bottom: 0em; margin-bottom: 0em;">Fresh Cauliflower, Each</span></div></a><div class="mt1 mt1" data-testid="productDescription"><div class="lh-title f6-l lh-copy-l sans-serif gray">$2.98/ea</div></div></div></div><div class="bill-order-weight-adjust"><div class="dn"> Weight-adjusted</div><div class="pt1 f7 f6-m bill-item-quantity gray">Qty 1</div></div></div><div class="ml-auto"><div class="column3"><div class="f5 b black tr"><span aria-hidden="false">$2.98</span></div></div></div></div></div></div><div class="ml7-m pl6-m cta"><div class="pl2-m flex justify-between flex-wrap"><div class="ml-auto flex"><div class="dib-xl ml3-xl mb3"><div class="relative dib"><button class="w_hhLG w_XK4d w_0_LY" type="button" aria-label="Add to cart - Fresh Cauliflower, Each" style="position: relative;"><span style="visibility: visible;">Add to cart</span></button></div></div></div></div></div><div class=""><div class="mb2 cta"><i class="ld ld-Star" style="font-size: 1rem; vertical-align: -0.175em; width: 1rem; height: 1rem; box-sizing: content-box;"></i><a class="w_x7ug pa1 pr3 items-center f6" link-identifier="Generic Name" href="https://www.walmart.com/reviews/write-review?productId=10402652&amp;returnUrl=/orders/200011054626160&amp;campaign_id=ORDER-DETAILS-SINGLE-ITEM-REVIEW">Write a review</a></div></div></div></div><div class="pl3 pr3 pl4-m pr4-m"><hr aria-hidden="true" class="w_8Gn9"></div><div class="pa3 pb0 ph4-m"><div class="flex-m flex-column-m"><div class="flex mb2"><a class="w_x7ug flex no-underline" link-identifier="Generic Name" tabindex="-1" aria-hidden="true" href="https://www.walmart.com/ip/Freshness-Guaranteed-Boneless-Chicken-Thighs-2-75-4-0-lb/778091348"><img loading="lazy" srcset="https://i5.walmartimages.com/asr/94a2fb40-26e8-45c4-ab4e-7371b3f846b6.c7317ba5d6091200ef43813fbb5b6801.jpeg?odnHeight=104&amp;odnWidth=104&amp;odnBg=FFFFFF 1x, https://i5.walmartimages.com/asr/94a2fb40-26e8-45c4-ab4e-7371b3f846b6.c7317ba5d6091200ef43813fbb5b6801.jpeg?odnHeight=208&amp;odnWidth=208&amp;odnBg=FFFFFF 2x" height="104" width="104" class="pointer mw-none" data-testid="productTileImage" alt="" src="./order_files/94a2fb40-26e8-45c4-ab4e-7371b3f846b6.c7317ba5d6091200ef43813fbb5b6801.jpeg"></a><div class="flex flex-column w-100"><div class="flex flex-row"><div class="flex flex-column pl3 pr3 pr4-m"><div class="flex justify-between"><div class="f7 f5-m gray print-item-title"><a link-identifier="itemClick" aria-label="Freshness Guaranteed Boneless Chicken Thighs, 2.75 - 4.0 lb" class="no-underline" href="https://www.walmart.com/ip/Freshness-Guaranteed-Boneless-Chicken-Thighs-2-75-4-0-lb/778091348"><div data-testid="productName" class="sans-serif f5-l lh-copy-l lh-title overflow-hidden mid-gray"><span class="w_V_DM" style="-webkit-line-clamp: 2; padding-bottom: 0em; margin-bottom: 0em;">Freshness Guaranteed Boneless Chicken Thighs, 2.75 - 4.0 lb</span></div></a><div class="mt1 mt1" data-testid="productDescription"><div class="lh-title f6-l lh-copy-l sans-serif gray">$3.48/lb</div></div></div></div><div class="bill-order-weight-adjust"><div class="dn"> Weight-adjusted</div><div class="pt1 f7 f6-m bill-item-quantity gray">Qty 1</div></div></div><div class="ml-auto"><div class="column3"><div class="f5 b black tr green lh-copy"><span class="w_iUH7">Discount price $13.46</span><span aria-hidden="true">$13.46</span></div><div class="black b tr f7">$13.92</div></div></div></div></div></div><div class="ml7-m pl6-m cta"><div class="pl2-m flex justify-between flex-wrap"><div class="ml-auto flex"><div class="dib-xl ml3-xl mb3"><div class="relative dib"><button class="w_hhLG w_XK4d w_0_LY" type="button" aria-label="Add to cart - Freshness Guaranteed Boneless Chicken Thighs, 2.75 - 4.0 lb" style="position: relative;"><span style="visibility: visible;">Add to cart</span></button></div></div></div></div></div><div class=""><div class="mb2 cta"><i class="ld ld-Star" style="font-size: 1rem; vertical-align: -0.175em; width: 1rem; height: 1rem; box-sizing: content-box;"></i><a class="w_x7ug pa1 pr3 items-center f6" link-identifier="Generic Name" href="https://www.walmart.com/reviews/write-review?productId=778091348&amp;returnUrl=/orders/200011054626160&amp;campaign_id=ORDER-DETAILS-SINGLE-ITEM-REVIEW">Write a review</a></div></div></div></div><div class="ph3 ph4-m print-bill-install-divider"><hr aria-hidden="true" class="w_8Gn9"></div></div></div></div><div><div class="ph3 pb0 ph4-m"></div><div class=""><div data-testid="category-accordion-Shopped"><div class="ph3 ph4-m pt3"><div class="flex justify-between items-center"><div><span class="w_yTSq f6 dark-gray b w_0aYG w_MwbK" data-testid="category-label">Shopped</span></div></div><div class="flex justify-between db-m"></div></div><div class="pa3 pb0 ph4-m"><div class="flex-m flex-column-m"><div class="flex mb2"><a class="w_x7ug flex no-underline" link-identifier="Generic Name" tabindex="-1" aria-hidden="true" href="https://www.walmart.com/ip/Nature-Valley-Chewy-Granola-Bars-Dark-Chocolate-Peanut-Almond-24-Ct/761310032"><img loading="lazy" srcset="https://i5.walmartimages.com/asr/2bf11364-a213-475c-b71f-5f84b8e8b825.03a9e853e8a1d4212b568bcb78db18ac.jpeg?odnHeight=104&amp;odnWidth=104&amp;odnBg=FFFFFF 1x, https://i5.walmartimages.com/asr/2bf11364-a213-475c-b71f-5f84b8e8b825.03a9e853e8a1d4212b568bcb78db18ac.jpeg?odnHeight=208&amp;odnWidth=208&amp;odnBg=FFFFFF 2x" height="104" width="104" class="pointer mw-none" data-testid="productTileImage" alt="" src="./order_files/2bf11364-a213-475c-b71f-5f84b8e8b825.03a9e853e8a1d4212b568bcb78db18ac.jpeg"></a><div class="flex flex-column w-100"><div class="flex flex-row"><div class="flex flex-column pl3 pr3 pr4-m"><div class="flex justify-between"><div class="f7 f5-m gray print-item-title"><a link-identifier="itemClick" aria-label="Nature Valley Chewy Granola Bars, Dark Chocolate Peanut Almond, 24 Ct" class="no-underline" href="https://www.walmart.com/ip/Nature-Valley-Chewy-Granola-Bars-Dark-Chocolate-Peanut-Almond-24-Ct/761310032"><div data-testid="productName" class="sans-serif f5-l lh-copy-l lh-title overflow-hidden mid-gray"><span class="w_V_DM" style="-webkit-line-clamp: 2; padding-bottom: 0em; margin-bottom: 0em;">Nature Valley Chewy Granola Bars, Dark Chocolate Peanut Almond, 24 Ct</span></div></a><div class="mt1 mt1" data-testid="productDescription"><div class="lh-title f6-l lh-copy-l sans-serif gray">38.1¢/oz</div></div></div></div><div class="bill-order-weight-adjust"><div class="dn"> Shopped</div><div class="pt1 f7 f6-m bill-item-quantity gray">Qty 1</div></div></div><div class="ml-auto"><div class="column3"><div class="f5 b black tr"><span aria-hidden="false">$10.96</span></div></div></div></div></div></div><div class="ml7-m pl6-m cta"><div class="pl2-m flex justify-between flex-wrap"><div class="ml-auto flex"><div class="dib-xl ml3-xl mb3"><div class="relative dib"><button class="w_hhLG w_XK4d w_0_LY" type="button" aria-label="Add to cart - Nature Valley Chewy Granola Bars, Dark Chocolate Peanut Almond, 24 Ct" style="position: relative;"><span style="visibility: visible;">Add to cart</span></button></div></div></div></div></div><div class=""><div class="mb2 cta"><i class="ld ld-Star" style="font-size: 1rem; vertical-align: -0.175em; width: 1rem; height: 1rem; box-sizing: content-box;"></i><a class="w_x7ug pa1 pr3 items-center f6" link-identifier="Generic Name" href="https://www.walmart.com/reviews/write-review?productId=761310032&amp;returnUrl=/orders/200011054626160&amp;campaign_id=ORDER-DETAILS-SINGLE-ITEM-REVIEW">Write a review</a></div></div></div></div><div class="pl3 pr3 pl4-m pr4-m"><hr aria-hidden="true" class="w_8Gn9"></div><div class="pa3 pb0 ph4-m"><div class="flex-m flex-column-m"><div class="flex mb2"><a class="w_x7ug flex no-underline" link-identifier="Generic Name" tabindex="-1" aria-hidden="true" href="https://www.walmart.com/ip/Great-Value-100-Whole-Wheat-Round-Top-Bread-Loaf-20-oz/10804551"><img loading="lazy" srcset="https://i5.walmartimages.com/asr/f11b5c59-f37b-45bc-bfba-6526d33b9aea.ea14bb479babb4850347ce1a135a709b.jpeg?odnHeight=104&amp;odnWidth=104&amp;odnBg=FFFFFF 1x, https://i5.walmartimages.com/asr/f11b5c59-f37b-45bc-bfba-6526d33b9aea.ea14bb479babb4850347ce1a135a709b.jpeg?odnHeight=208&amp;odnWidth=208&amp;odnBg=FFFFFF 2x" height="104" width="104" class="pointer mw-none" data-testid="productTileImage" alt="" src="./order_files/f11b5c59-f37b-45bc-bfba-6526d33b9aea.ea14bb479babb4850347ce1a135a709b.jpeg"></a><div class="flex flex-column w-100"><div class="flex flex-row"><div class="flex flex-column pl3 pr3 pr4-m"><div class="flex justify-between"><div class="f7 f5-m gray print-item-title"><a link-identifier="itemClick" aria-label="Great Value 100% Whole Wheat Round Top Bread Loaf, 20 oz" class="no-underline" href="https://www.walmart.com/ip/Great-Value-100-Whole-Wheat-Round-Top-Bread-Loaf-20-oz/10804551"><div data-testid="productName" class="sans-serif f5-l lh-copy-l lh-title overflow-hidden mid-gray"><span class="w_V_DM" style="-webkit-line-clamp: 2; padding-bottom: 0em; margin-bottom: 0em;">Great Value 100% Whole Wheat Round Top Bread Loaf, 20 oz</span></div></a><div class="mt1 mt1" data-testid="productDescription"><div class="lh-title f6-l lh-copy-l sans-serif gray">9.4¢/oz</div></div></div></div><div class="bill-order-weight-adjust"><div class="dn"> Shopped</div><div class="pt1 f7 f6-m bill-item-quantity gray">Qty 1</div></div></div><div class="ml-auto"><div class="column3"><div class="f5 b black tr"><span aria-hidden="false">$1.88</span></div></div></div></div></div></div><div class="ml7-m pl6-m cta"><div class="pl2-m flex justify-between flex-wrap"><div class="ml-auto flex"><div class="dib-xl ml3-xl mb3"><div class="relative dib"><button class="w_hhLG w_XK4d w_0_LY" type="button" aria-label="Add to cart - Great Value 100% Whole Wheat Round Top Bread Loaf, 20 oz" style="position: relative;"><span style="visibility: visible;">Add to cart</span></button></div></div></div></div></div><div class=""><div class="mb2 cta"><i class="ld ld-Star" style="font-size: 1rem; vertical-align: -0.175em; width: 1rem; height: 1rem; box-sizing: content-box;"></i><a class="w_x7ug pa1 pr3 items-center f6" link-identifier="Generic Name" href="https://www.walmart.com/reviews/write-review?productId=10804551&amp;returnUrl=/orders/200011054626160&amp;campaign_id=ORDER-DETAILS-SINGLE-ITEM-REVIEW">Write a review</a></div></div></div></div><div class="pl3 pr3 pl4-m pr4-m"><hr aria-hidden="true" class="w_8Gn9"></div><div class="pa3 pb0 ph4-m"><div class="flex-m flex-column-m"><div class="flex mb2"><a class="w_x7ug flex no-underline" link-identifier="Generic Name" tabindex="-1" aria-hidden="true" href="https://www.walmart.com/ip/Great-Value-Coffee-Ice-Cream-16-fl-oz/250267590"><img loading="lazy" srcset="https://i5.walmartimages.com/asr/02a1b339-6bb3-4338-9acf-796e93835ee2.63cfb0961fae757b42bffcabf5618d98.jpeg?odnHeight=104&amp;odnWidth=104&amp;odnBg=FFFFFF 1x, https://i5.walmartimages.com/asr/02a1b339-6bb3-4338-9acf-796e93835ee2.63cfb0961fae757b42bffcabf5618d98.jpeg?odnHeight=208&amp;odnWidth=208&amp;odnBg=FFFFFF 2x" height="104" width="104" class="pointer mw-none" data-testid="productTileImage" alt="" src="./order_files/02a1b339-6bb3-4338-9acf-796e93835ee2.63cfb0961fae757b42bffcabf5618d98.jpeg"></a><div class="flex flex-column w-100"><div class="flex flex-row"><div class="flex flex-column pl3 pr3 pr4-m"><div class="flex justify-between"><div class="f7 f5-m gray print-item-title"><a link-identifier="itemClick" aria-label="Great Value Coffee Ice Cream, 16 fl oz" class="no-underline" href="https://www.walmart.com/ip/Great-Value-Coffee-Ice-Cream-16-fl-oz/250267590"><div data-testid="productName" class="sans-serif f5-l lh-copy-l lh-title overflow-hidden mid-gray"><span class="w_V_DM" style="-webkit-line-clamp: 2; padding-bottom: 0em; margin-bottom: 0em;">Great Value Coffee Ice Cream, 16 fl oz</span></div></a><div class="mt1 mt1" data-testid="productDescription"><div class="lh-title f6-l lh-copy-l sans-serif gray">10.2¢/fl oz</div></div></div></div><div class="bill-order-weight-adjust"><div class="dn"> Shopped</div><div class="pt1 f7 f6-m bill-item-quantity gray">Qty 1</div></div></div><div class="ml-auto"><div class="column3"><div class="f5 b black tr"><span aria-hidden="false">$1.63</span></div></div></div></div></div></div><div class="ml7-m pl6-m cta"><div class="pl2-m flex justify-between flex-wrap"><div class="ml-auto flex"><div class="dib-xl ml3-xl mb3"><div class="relative dib"><button class="w_hhLG w_XK4d w_0_LY" type="button" aria-label="Add to cart - Great Value Coffee Ice Cream, 16 fl oz" style="position: relative;"><span style="visibility: visible;">Add to cart</span></button></div></div></div></div></div><div class=""><div class="mb2 cta"><i class="ld ld-Star" style="font-size: 1rem; vertical-align: -0.175em; width: 1rem; height: 1rem; box-sizing: content-box;"></i><a class="w_x7ug pa1 pr3 items-center f6" link-identifier="Generic Name" href="https://www.walmart.com/reviews/write-review?productId=250267590&amp;returnUrl=/orders/200011054626160&amp;campaign_id=ORDER-DETAILS-SINGLE-ITEM-REVIEW">Write a review</a></div></div></div></div><div class="pl3 pr3 pl4-m pr4-m"><hr aria-hidden="true" class="w_8Gn9"></div><div class="pa3 pb0 ph4-m"><div class="flex-m flex-column-m"><div class="flex mb2"><a class="w_x7ug flex no-underline" link-identifier="Generic Name" tabindex="-1" aria-hidden="true" href="https://www.walmart.com/ip/Great-Value-Crushed-Tomatoes-with-Tomato-Puree-28-Oz/10415230"><img loading="lazy" srcset="https://i5.walmartimages.com/asr/fe2f04be-620c-4e9a-bc75-9260a2a0a2c9.25bc54a73fe477c4098b74ad959cc46a.jpeg?odnHeight=104&amp;odnWidth=104&amp;odnBg=FFFFFF 1x, https://i5.walmartimages.com/asr/fe2f04be-620c-4e9a-bc75-9260a2a0a2c9.25bc54a73fe477c4098b74ad959cc46a.jpeg?odnHeight=208&amp;odnWidth=208&amp;odnBg=FFFFFF 2x" height="104" width="104" class="pointer mw-none" data-testid="productTileImage" alt="" src="./order_files/fe2f04be-620c-4e9a-bc75-9260a2a0a2c9.25bc54a73fe477c4098b74ad959cc46a.jpeg"></a><div class="flex flex-column w-100"><div class="flex flex-row"><div class="flex flex-column pl3 pr3 pr4-m"><div class="flex justify-between"><div class="f7 f5-m gray print-item-title"><a link-identifier="itemClick" aria-label="Great Value Crushed Tomatoes with Tomato Puree, 28 Oz" class="no-underline" href="https://www.walmart.com/ip/Great-Value-Crushed-Tomatoes-with-Tomato-Puree-28-Oz/10415230"><div data-testid="productName" class="sans-serif f5-l lh-copy-l lh-title overflow-hidden mid-gray"><span class="w_V_DM" style="-webkit-line-clamp: 2; padding-bottom: 0em; margin-bottom: 0em;">Great Value Crushed Tomatoes with Tomato Puree, 28 Oz</span></div></a><div class="mt1 mt1" data-testid="productDescription"><div class="lh-title f6-l lh-copy-l sans-serif gray">4.9¢/oz</div></div></div></div><div class="bill-order-weight-adjust"><div class="dn"> Shopped</div><div class="pt1 f7 f6-m bill-item-quantity gray">Qty 1</div></div></div><div class="ml-auto"><div class="column3"><div class="f5 b black tr"><span aria-hidden="false">$1.36</span></div></div></div></div></div></div><div class="ml7-m pl6-m cta"><div class="pl2-m flex justify-between flex-wrap"><div class="ml-auto flex"><div class="dib-xl ml3-xl mb3"><div class="relative dib"><button class="w_hhLG w_XK4d w_0_LY" type="button" aria-label="Add to cart - Great Value Crushed Tomatoes with Tomato Puree, 28 Oz" style="position: relative;"><span style="visibility: visible;">Add to cart</span></button></div></div></div></div></div><div class=""><div class="mb2 cta"><i class="ld ld-Star" style="font-size: 1rem; vertical-align: -0.175em; width: 1rem; height: 1rem; box-sizing: content-box;"></i><a class="w_x7ug pa1 pr3 items-center f6" link-identifier="Generic Name" href="https://www.walmart.com/reviews/write-review?productId=10415230&amp;returnUrl=/orders/200011054626160&amp;campaign_id=ORDER-DETAILS-SINGLE-ITEM-REVIEW">Write a review</a></div></div></div></div><div class="pl3 pr3 pl4-m pr4-m"><hr aria-hidden="true" class="w_8Gn9"></div><div class="pa3 pb0 ph4-m"><div class="flex-m flex-column-m"><div class="flex mb2"><a class="w_x7ug flex no-underline" link-identifier="Generic Name" tabindex="-1" aria-hidden="true" href="https://www.walmart.com/ip/Great-Value-No-Salt-Added-Canned-Black-Beans-15-oz-Can/39778876"><img loading="lazy" srcset="https://i5.walmartimages.com/asr/f1b8271e-5552-4df5-871c-87aef289b8f0_1.537b1ef3d0e9b0e33386622c9610e915.jpeg?odnHeight=104&amp;odnWidth=104&amp;odnBg=FFFFFF 1x, https://i5.walmartimages.com/asr/f1b8271e-5552-4df5-871c-87aef289b8f0_1.537b1ef3d0e9b0e33386622c9610e915.jpeg?odnHeight=208&amp;odnWidth=208&amp;odnBg=FFFFFF 2x" height="104" width="104" class="pointer mw-none" data-testid="productTileImage" alt="" src="./order_files/f1b8271e-5552-4df5-871c-87aef289b8f0_1.537b1ef3d0e9b0e33386622c9610e915.jpeg"></a><div class="flex flex-column w-100"><div class="flex flex-row"><div class="flex flex-column pl3 pr3 pr4-m"><div class="flex justify-between"><div class="f7 f5-m gray print-item-title"><a link-identifier="itemClick" aria-label="Great Value, No Salt Added, Canned Black Beans, 15 oz Can" class="no-underline" href="https://www.walmart.com/ip/Great-Value-No-Salt-Added-Canned-Black-Beans-15-oz-Can/39778876"><div data-testid="productName" class="sans-serif f5-l lh-copy-l lh-title overflow-hidden mid-gray"><span class="w_V_DM" style="-webkit-line-clamp: 2; padding-bottom: 0em; margin-bottom: 0em;">Great Value, No Salt Added, Canned Black Beans, 15 oz Can</span></div></a><div class="mt1 mt1" data-testid="productDescription"><div class="lh-title f6-l lh-copy-l sans-serif gray">5.2¢/oz</div></div></div></div><div class="bill-order-weight-adjust"><div class="dn"> Shopped</div><div class="pt1 f7 f6-m bill-item-quantity gray">Qty 1</div></div></div><div class="ml-auto"><div class="column3"><div class="f5 b black tr"><span aria-hidden="false">$0.78</span></div></div></div></div></div></div><div class="ml7-m pl6-m cta"><div class="pl2-m flex justify-between flex-wrap"><div class="ml-auto flex"><div class="dib-xl ml3-xl mb3"><div class="relative dib"><button class="w_hhLG w_XK4d w_0_LY" type="button" aria-label="Add to cart - Great Value, No Salt Added, Canned Black Beans, 15 oz Can" style="position: relative;"><span style="visibility: visible;">Add to cart</span></button></div></div></div></div></div><div class=""><div class="mb2 cta"><i class="ld ld-Star" style="font-size: 1rem; vertical-align: -0.175em; width: 1rem; height: 1rem; box-sizing: content-box;"></i><a class="w_x7ug pa1 pr3 items-center f6" link-identifier="Generic Name" href="https://www.walmart.com/reviews/write-review?productId=39778876&amp;returnUrl=/orders/200011054626160&amp;campaign_id=ORDER-DETAILS-SINGLE-ITEM-REVIEW">Write a review</a></div></div></div></div><div class="pl3 pr3 pl4-m pr4-m"><hr aria-hidden="true" class="w_8Gn9"></div><div class="pa3 pb0 ph4-m"><div class="flex-m flex-column-m"><div class="flex mb2"><a class="w_x7ug flex no-underline" link-identifier="Generic Name" tabindex="-1" aria-hidden="true" href="https://www.walmart.com/ip/Great-Value-Thin-Spaghetti-1-lb/10534113"><img loading="lazy" srcset="https://i5.walmartimages.com/asr/c2d0ed30-1f07-4ceb-ae50-c624b757511f.7893d3cdcf65d9447caa8a2ec31a0ca8.jpeg?odnHeight=104&amp;odnWidth=104&amp;odnBg=FFFFFF 1x, https://i5.walmartimages.com/asr/c2d0ed30-1f07-4ceb-ae50-c624b757511f.7893d3cdcf65d9447caa8a2ec31a0ca8.jpeg?odnHeight=208&amp;odnWidth=208&amp;odnBg=FFFFFF 2x" height="104" width="104" class="pointer mw-none" data-testid="productTileImage" alt="" src="./order_files/c2d0ed30-1f07-4ceb-ae50-c624b757511f.7893d3cdcf65d9447caa8a2ec31a0ca8.jpeg"></a><div class="flex flex-column w-100"><div class="flex flex-row"><div class="flex flex-column pl3 pr3 pr4-m"><div class="flex justify-between"><div class="f7 f5-m gray print-item-title"><a link-identifier="itemClick" aria-label="Great Value Thin Spaghetti, 1 lb" class="no-underline" href="https://www.walmart.com/ip/Great-Value-Thin-Spaghetti-1-lb/10534113"><div data-testid="productName" class="sans-serif f5-l lh-copy-l lh-title overflow-hidden mid-gray"><span class="w_V_DM" style="-webkit-line-clamp: 2; padding-bottom: 0em; margin-bottom: 0em;">Great Value Thin Spaghetti, 1 lb</span></div></a><div class="mt1 mt1" data-testid="productDescription"><div class="lh-title f6-l lh-copy-l sans-serif gray">6.1¢/oz</div></div></div></div><div class="bill-order-weight-adjust"><div class="dn"> Shopped</div><div class="pt1 f7 f6-m bill-item-quantity gray">Qty 2</div></div></div><div class="ml-auto"><div class="column3"><div class="f5 b black tr"><span aria-hidden="false">$1.96</span></div><div class="f7 nowrap gray tr"><span data-testid="item-price">$0.98 ea</span></div></div></div></div></div></div><div class="ml7-m pl6-m cta"><div class="pl2-m flex justify-between flex-wrap"><div class="ml-auto flex"><div class="dib-xl ml3-xl mb3"><div class="relative dib"><button class="w_hhLG w_XK4d w_0_LY" type="button" aria-label="Add to cart - Great Value Thin Spaghetti, 1 lb" style="position: relative;"><span style="visibility: visible;">Add to cart</span></button></div></div></div></div></div><div class=""><div class="mb2 cta"><i class="ld ld-Star" style="font-size: 1rem; vertical-align: -0.175em; width: 1rem; height: 1rem; box-sizing: content-box;"></i><a class="w_x7ug pa1 pr3 items-center f6" link-identifier="Generic Name" href="https://www.walmart.com/reviews/write-review?productId=10534113&amp;returnUrl=/orders/200011054626160&amp;campaign_id=ORDER-DETAILS-SINGLE-ITEM-REVIEW">Write a review</a></div></div></div></div><div class="pl3 pr3 pl4-m pr4-m"><hr aria-hidden="true" class="w_8Gn9"></div><div class="pa3 pb0 ph4-m"><div class="flex-m flex-column-m"><div class="flex mb2"><a class="w_x7ug flex no-underline" link-identifier="Generic Name" tabindex="-1" aria-hidden="true" href="https://www.walmart.com/ip/Great-Value-Tomato-Basil-Garlic-Pasta-Sauce-24-oz/331883112"><img loading="lazy" srcset="https://i5.walmartimages.com/asr/9c64ad39-5f2b-4501-b8c3-037693a4cc10.78fab359c6566a016d47a856863a7e49.jpeg?odnHeight=104&amp;odnWidth=104&amp;odnBg=FFFFFF 1x, https://i5.walmartimages.com/asr/9c64ad39-5f2b-4501-b8c3-037693a4cc10.78fab359c6566a016d47a856863a7e49.jpeg?odnHeight=208&amp;odnWidth=208&amp;odnBg=FFFFFF 2x" height="104" width="104" class="pointer mw-none" data-testid="productTileImage" alt="" src="./order_files/9c64ad39-5f2b-4501-b8c3-037693a4cc10.78fab359c6566a016d47a856863a7e49.jpeg"></a><div class="flex flex-column w-100"><div class="flex flex-row"><div class="flex flex-column pl3 pr3 pr4-m"><div class="flex justify-between"><div class="f7 f5-m gray print-item-title"><a link-identifier="itemClick" aria-label="Great Value Tomato Basil Garlic Pasta Sauce, 24 oz" class="no-underline" href="https://www.walmart.com/ip/Great-Value-Tomato-Basil-Garlic-Pasta-Sauce-24-oz/331883112"><div data-testid="productName" class="sans-serif f5-l lh-copy-l lh-title overflow-hidden mid-gray"><span class="w_V_DM" style="-webkit-line-clamp: 2; padding-bottom: 0em; margin-bottom: 0em;">Great Value Tomato Basil Garlic Pasta Sauce, 24 oz</span></div></a><div class="mt1 mt1" data-testid="productDescription"><div class="lh-title f6-l lh-copy-l sans-serif gray">6.2¢/oz</div></div></div></div><div class="bill-order-weight-adjust"><div class="dn"> Shopped</div><div class="pt1 f7 f6-m bill-item-quantity gray">Qty 1</div></div></div><div class="ml-auto"><div class="column3"><div class="f5 b black tr"><span aria-hidden="false">$1.48</span></div></div></div></div></div></div><div class="ml7-m pl6-m cta"><div class="pl2-m flex justify-between flex-wrap"><div class="ml-auto flex"><div class="dib-xl ml3-xl mb3"><div class="relative dib"><button class="w_hhLG w_XK4d w_0_LY" type="button" aria-label="Add to cart - Great Value Tomato Basil Garlic Pasta Sauce, 24 oz" style="position: relative;"><span style="visibility: visible;">Add to cart</span></button></div></div></div></div></div><div class=""><div class="mb2 cta"><i class="ld ld-Star" style="font-size: 1rem; vertical-align: -0.175em; width: 1rem; height: 1rem; box-sizing: content-box;"></i><a class="w_x7ug pa1 pr3 items-center f6" link-identifier="Generic Name" href="https://www.walmart.com/reviews/write-review?productId=331883112&amp;returnUrl=/orders/200011054626160&amp;campaign_id=ORDER-DETAILS-SINGLE-ITEM-REVIEW">Write a review</a></div></div></div></div><div class="pl3 pr3 pl4-m pr4-m"><hr aria-hidden="true" class="w_8Gn9"></div><div class="pa3 pb0 ph4-m"><div class="flex-m flex-column-m"><div class="flex mb2"><a class="w_x7ug flex no-underline" link-identifier="Generic Name" tabindex="-1" aria-hidden="true" href="https://www.walmart.com/ip/Great-Value-Classic-Alfredo-Pasta-Sauce-16-oz/13033144"><img loading="lazy" srcset="https://i5.walmartimages.com/asr/e1250065-4207-4a86-9468-52e1305ae021.7e2dab854ffcae2d6a542c1f22c8e8b6.jpeg?odnHeight=104&amp;odnWidth=104&amp;odnBg=FFFFFF 1x, https://i5.walmartimages.com/asr/e1250065-4207-4a86-9468-52e1305ae021.7e2dab854ffcae2d6a542c1f22c8e8b6.jpeg?odnHeight=208&amp;odnWidth=208&amp;odnBg=FFFFFF 2x" height="104" width="104" class="pointer mw-none" data-testid="productTileImage" alt="" src="./order_files/e1250065-4207-4a86-9468-52e1305ae021.7e2dab854ffcae2d6a542c1f22c8e8b6.jpeg"></a><div class="flex flex-column w-100"><div class="flex flex-row"><div class="flex flex-column pl3 pr3 pr4-m"><div class="flex justify-between"><div class="f7 f5-m gray print-item-title"><a link-identifier="itemClick" aria-label="Great Value Classic Alfredo Pasta Sauce, 16 oz" class="no-underline" href="https://www.walmart.com/ip/Great-Value-Classic-Alfredo-Pasta-Sauce-16-oz/13033144"><div data-testid="productName" class="sans-serif f5-l lh-copy-l lh-title overflow-hidden mid-gray"><span class="w_V_DM" style="-webkit-line-clamp: 2; padding-bottom: 0em; margin-bottom: 0em;">Great Value Classic Alfredo Pasta Sauce, 16 oz</span></div></a><div class="mt1 mt1" data-testid="productDescription"><div class="lh-title f6-l lh-copy-l sans-serif gray">11.4¢/oz</div></div></div></div><div class="bill-order-weight-adjust"><div class="dn"> Shopped</div><div class="pt1 f7 f6-m bill-item-quantity gray">Qty 1</div></div></div><div class="ml-auto"><div class="column3"><div class="f5 b black tr"><span aria-hidden="false">$1.82</span></div></div></div></div></div></div><div class="ml7-m pl6-m cta"><div class="pl2-m flex justify-between flex-wrap"><div class="ml-auto flex"><div class="dib-xl ml3-xl mb3"><div class="relative dib"><button class="w_hhLG w_XK4d w_0_LY" type="button" aria-label="Add to cart - Great Value Classic Alfredo Pasta Sauce, 16 oz" style="position: relative;"><span style="visibility: visible;">Add to cart</span></button></div></div></div></div></div><div class=""><div class="mb2 cta"><i class="ld ld-Star" style="font-size: 1rem; vertical-align: -0.175em; width: 1rem; height: 1rem; box-sizing: content-box;"></i><a class="w_x7ug pa1 pr3 items-center f6" link-identifier="Generic Name" href="https://www.walmart.com/reviews/write-review?productId=13033144&amp;returnUrl=/orders/200011054626160&amp;campaign_id=ORDER-DETAILS-SINGLE-ITEM-REVIEW">Write a review</a></div></div></div></div><div class="pl3 pr3 pl4-m pr4-m"><hr aria-hidden="true" class="w_8Gn9"></div><div class="pa3 pb0 ph4-m"><div class="flex-m flex-column-m"><div class="flex mb2"><a class="w_x7ug flex no-underline" link-identifier="Generic Name" tabindex="-1" aria-hidden="true" href="https://www.walmart.com/ip/Great-Value-Whole-Vitamin-D-Milk-Gallon-128-fl-oz/10450114"><img loading="lazy" srcset="https://i5.walmartimages.com/asr/83f533c3-3234-4bea-80bf-a0f9a43cd279_2.9b223f40bab27c513ba64f9f0e3fc2d9.jpeg?odnHeight=104&amp;odnWidth=104&amp;odnBg=FFFFFF 1x, https://i5.walmartimages.com/asr/83f533c3-3234-4bea-80bf-a0f9a43cd279_2.9b223f40bab27c513ba64f9f0e3fc2d9.jpeg?odnHeight=208&amp;odnWidth=208&amp;odnBg=FFFFFF 2x" height="104" width="104" class="pointer mw-none" data-testid="productTileImage" alt="" src="./order_files/83f533c3-3234-4bea-80bf-a0f9a43cd279_2.9b223f40bab27c513ba64f9f0e3fc2d9.jpeg"></a><div class="flex flex-column w-100"><div class="flex flex-row"><div class="flex flex-column pl3 pr3 pr4-m"><div class="flex justify-between"><div class="f7 f5-m gray print-item-title"><a link-identifier="itemClick" aria-label="Great Value Whole Vitamin D Milk, Gallon, 128 fl oz" class="no-underline" href="https://www.walmart.com/ip/Great-Value-Whole-Vitamin-D-Milk-Gallon-128-fl-oz/10450114"><div data-testid="productName" class="sans-serif f5-l lh-copy-l lh-title overflow-hidden mid-gray"><span class="w_V_DM" style="-webkit-line-clamp: 2; padding-bottom: 0em; margin-bottom: 0em;">Great Value Whole Vitamin D Milk, Gallon, 128 fl oz</span></div></a><div class="mt1 mt1" data-testid="productDescription"><div class="lh-title f6-l lh-copy-l sans-serif gray">2.2¢/fl oz</div></div></div></div><div class="bill-order-weight-adjust"><div class="dn"> Shopped</div><div class="pt1 f7 f6-m bill-item-quantity gray">Qty 1</div></div></div><div class="ml-auto"><div class="column3"><div class="f5 b black tr"><span aria-hidden="false">$2.86</span></div></div></div></div></div></div><div class="ml7-m pl6-m cta"><div class="pl2-m flex justify-between flex-wrap"><div class="ml-auto flex"><div class="dib-xl ml3-xl mb3"><div class="relative dib"><button class="w_hhLG w_XK4d w_0_LY" type="button" aria-label="Add to cart - Great Value Whole Vitamin D Milk, Gallon, 128 fl oz" style="position: relative;"><span style="visibility: visible;">Add to cart</span></button></div></div></div></div></div><div class=""><div class="mb2 cta"><i class="ld ld-Star" style="font-size: 1rem; vertical-align: -0.175em; width: 1rem; height: 1rem; box-sizing: content-box;"></i><a class="w_x7ug pa1 pr3 items-center f6" link-identifier="Generic Name" href="https://www.walmart.com/reviews/write-review?productId=10450114&amp;returnUrl=/orders/200011054626160&amp;campaign_id=ORDER-DETAILS-SINGLE-ITEM-REVIEW">Write a review</a></div></div></div></div><div class="pl3 pr3 pl4-m pr4-m"><hr aria-hidden="true" class="w_8Gn9"></div><div class="pa3 pb0 ph4-m"><div class="flex-m flex-column-m"><div class="flex mb2"><a class="w_x7ug flex no-underline" link-identifier="Generic Name" tabindex="-1" aria-hidden="true" href="https://www.walmart.com/ip/Fresh-Russet-Potatoes-10-lb-Bag/10449951"><img loading="lazy" srcset="https://i5.walmartimages.com/asr/ed413aec-1900-4f15-8b42-4cb645f746a2.77b3f885275ebf7e8eb99def99bba56a.jpeg?odnHeight=104&amp;odnWidth=104&amp;odnBg=FFFFFF 1x, https://i5.walmartimages.com/asr/ed413aec-1900-4f15-8b42-4cb645f746a2.77b3f885275ebf7e8eb99def99bba56a.jpeg?odnHeight=208&amp;odnWidth=208&amp;odnBg=FFFFFF 2x" height="104" width="104" class="pointer mw-none" data-testid="productTileImage" alt="" src="./order_files/ed413aec-1900-4f15-8b42-4cb645f746a2.77b3f885275ebf7e8eb99def99bba56a.jpeg"></a><div class="flex flex-column w-100"><div class="flex flex-row"><div class="flex flex-column pl3 pr3 pr4-m"><div class="flex justify-between"><div class="f7 f5-m gray print-item-title"><a link-identifier="itemClick" aria-label="Fresh Russet Potatoes, 10 lb Bag" class="no-underline" href="https://www.walmart.com/ip/Fresh-Russet-Potatoes-10-lb-Bag/10449951"><div data-testid="productName" class="sans-serif f5-l lh-copy-l lh-title overflow-hidden mid-gray"><span class="w_V_DM" style="-webkit-line-clamp: 2; padding-bottom: 0em; margin-bottom: 0em;">Fresh Russet Potatoes, 10 lb Bag</span></div></a><div class="mt1 mt1" data-testid="productDescription"><div class="lh-title f6-l lh-copy-l sans-serif gray">85.4¢/lb</div></div></div></div><div class="bill-order-weight-adjust"><div class="dn"> Shopped</div><div class="pt1 f7 f6-m bill-item-quantity gray">Qty 1</div></div></div><div class="ml-auto"><div class="column3"><div class="f5 b black tr"><span aria-hidden="false">$8.54</span></div></div></div></div></div></div><div class="ml7-m pl6-m cta"><div class="pl2-m flex justify-between flex-wrap"><div class="ml-auto flex"><div class="dib-xl ml3-xl mb3"><div class="relative dib"><button class="w_hhLG w_XK4d w_0_LY" type="button" aria-label="Add to cart - Fresh Russet Potatoes, 10 lb Bag" style="position: relative;"><span style="visibility: visible;">Add to cart</span></button></div></div></div></div></div><div class=""><div class="mb2 cta"><i class="ld ld-Star" style="font-size: 1rem; vertical-align: -0.175em; width: 1rem; height: 1rem; box-sizing: content-box;"></i><a class="w_x7ug pa1 pr3 items-center f6" link-identifier="Generic Name" href="https://www.walmart.com/reviews/write-review?productId=10449951&amp;returnUrl=/orders/200011054626160&amp;campaign_id=ORDER-DETAILS-SINGLE-ITEM-REVIEW">Write a review</a></div></div></div></div><div class="pl3 pr3 pl4-m pr4-m"><hr aria-hidden="true" class="w_8Gn9"></div><div class="pa3 pb0 ph4-m"><div class="flex-m flex-column-m"><div class="flex mb2"><a class="w_x7ug flex no-underline" link-identifier="Generic Name" tabindex="-1" aria-hidden="true" href="https://www.walmart.com/ip/Marie-Callender-s-Aged-Cheddar-Cheesy-Chicken-Rice-Bowl-Frozen-Meal-12-oz-Frozen/970096078"><img loading="lazy" srcset="https://i5.walmartimages.com/asr/b8380e00-a156-44db-b046-385dac14377d.1f158fa7cb71f23a4383bc15876dcae0.jpeg?odnHeight=104&amp;odnWidth=104&amp;odnBg=FFFFFF 1x, https://i5.walmartimages.com/asr/b8380e00-a156-44db-b046-385dac14377d.1f158fa7cb71f23a4383bc15876dcae0.jpeg?odnHeight=208&amp;odnWidth=208&amp;odnBg=FFFFFF 2x" height="104" width="104" class="pointer mw-none" data-testid="productTileImage" alt="" src="./order_files/b8380e00-a156-44db-b046-385dac14377d.1f158fa7cb71f23a4383bc15876dcae0.jpeg"></a><div class="flex flex-column w-100"><div class="flex flex-row"><div class="flex flex-column pl3 pr3 pr4-m"><div class="flex justify-between"><div class="f7 f5-m gray print-item-title"><a link-identifier="itemClick" aria-label="Marie Callender&#39;s Aged Cheddar Cheesy Chicken &amp; Rice Bowl, Frozen Meal, 12 oz (Frozen)" class="no-underline" href="https://www.walmart.com/ip/Marie-Callender-s-Aged-Cheddar-Cheesy-Chicken-Rice-Bowl-Frozen-Meal-12-oz-Frozen/970096078"><div data-testid="productName" class="sans-serif f5-l lh-copy-l lh-title overflow-hidden mid-gray"><span class="w_V_DM" style="-webkit-line-clamp: 2; padding-bottom: 0em; margin-bottom: 0em;">Marie Callender's Aged Cheddar Cheesy Chicken &amp; Rice Bowl, Frozen Meal, 12 oz (Frozen)</span></div></a><div class="mt1 mt1" data-testid="productDescription"><div class="lh-title f6-l lh-copy-l sans-serif gray">24.8¢/oz</div></div></div></div><div class="bill-order-weight-adjust"><div class="dn"> Shopped</div><div class="pt1 f7 f6-m bill-item-quantity gray">Qty 1</div></div></div><div class="ml-auto"><div class="column3"><div class="f5 b black tr"><span aria-hidden="false">$2.98</span></div></div></div></div></div></div><div class="ml7-m pl6-m cta"><div class="pl2-m flex justify-between flex-wrap"><div class="ml-auto flex"><div class="dib-xl ml3-xl mb3"><div class="relative dib"><button class="w_hhLG w_XK4d w_0_LY" type="button" aria-label="Add to cart - Marie Callender&#39;s Aged Cheddar Cheesy Chicken &amp; Rice Bowl, Frozen Meal, 12 oz (Frozen)" style="position: relative;"><span style="visibility: visible;">Add to cart</span></button></div></div></div></div></div><div class=""><div class="mb2 cta"><i class="ld ld-Star" style="font-size: 1rem; vertical-align: -0.175em; width: 1rem; height: 1rem; box-sizing: content-box;"></i><a class="w_x7ug pa1 pr3 items-center f6" link-identifier="Generic Name" href="https://www.walmart.com/reviews/write-review?productId=970096078&amp;returnUrl=/orders/200011054626160&amp;campaign_id=ORDER-DETAILS-SINGLE-ITEM-REVIEW">Write a review</a></div></div></div></div><div class="pl3 pr3 pl4-m pr4-m"><hr aria-hidden="true" class="w_8Gn9"></div><div class="pa3 pb0 ph4-m"><div class="flex-m flex-column-m"><div class="flex mb2"><a class="w_x7ug flex no-underline" link-identifier="Generic Name" tabindex="-1" aria-hidden="true" href="https://www.walmart.com/ip/Marie-Callender-s-Classic-Spaghetti-and-Meatballs-Bowl-Frozen-Meal-12-4-oz-Frozen/236178261"><img loading="lazy" srcset="https://i5.walmartimages.com/asr/6160fdc0-8cdd-4d95-98bd-e1e03124b828.d593e96599f3cbe736fc58e4020b025f.jpeg?odnHeight=104&amp;odnWidth=104&amp;odnBg=FFFFFF 1x, https://i5.walmartimages.com/asr/6160fdc0-8cdd-4d95-98bd-e1e03124b828.d593e96599f3cbe736fc58e4020b025f.jpeg?odnHeight=208&amp;odnWidth=208&amp;odnBg=FFFFFF 2x" height="104" width="104" class="pointer mw-none" data-testid="productTileImage" alt="" src="./order_files/6160fdc0-8cdd-4d95-98bd-e1e03124b828.d593e96599f3cbe736fc58e4020b025f.jpeg"></a><div class="flex flex-column w-100"><div class="flex flex-row"><div class="flex flex-column pl3 pr3 pr4-m"><div class="flex justify-between"><div class="f7 f5-m gray print-item-title"><a link-identifier="itemClick" aria-label="Marie Callender&#39;s Classic Spaghetti and Meatballs Bowl Frozen Meal, 12.4 oz (Frozen)" class="no-underline" href="https://www.walmart.com/ip/Marie-Callender-s-Classic-Spaghetti-and-Meatballs-Bowl-Frozen-Meal-12-4-oz-Frozen/236178261"><div data-testid="productName" class="sans-serif f5-l lh-copy-l lh-title overflow-hidden mid-gray"><span class="w_V_DM" style="-webkit-line-clamp: 2; padding-bottom: 0em; margin-bottom: 0em;">Marie Callender's Classic Spaghetti and Meatballs Bowl Frozen Meal, 12.4 oz (Frozen)</span></div></a><div class="mt1 mt1" data-testid="productDescription"><div class="lh-title f6-l lh-copy-l sans-serif gray">24.0¢/oz</div></div></div></div><div class="bill-order-weight-adjust"><div class="dn"> Shopped</div><div class="pt1 f7 f6-m bill-item-quantity gray">Qty 1</div></div></div><div class="ml-auto"><div class="column3"><div class="f5 b black tr"><span aria-hidden="false">$2.98</span></div></div></div></div></div></div><div class="ml7-m pl6-m cta"><div class="pl2-m flex justify-between flex-wrap"><div class="ml-auto flex"><div class="dib-xl ml3-xl mb3"><div class="relative dib"><button class="w_hhLG w_XK4d w_0_LY" type="button" aria-label="Add to cart - Marie Callender&#39;s Classic Spaghetti and Meatballs Bowl Frozen Meal, 12.4 oz (Frozen)" style="position: relative;"><span style="visibility: visible;">Add to cart</span></button></div></div></div></div></div><div class=""><div class="mb2 cta"><i class="ld ld-Star" style="font-size: 1rem; vertical-align: -0.175em; width: 1rem; height: 1rem; box-sizing: content-box;"></i><a class="w_x7ug pa1 pr3 items-center f6" link-identifier="Generic Name" href="https://www.walmart.com/reviews/write-review?productId=236178261&amp;returnUrl=/orders/200011054626160&amp;campaign_id=ORDER-DETAILS-SINGLE-ITEM-REVIEW">Write a review</a></div></div></div></div><div class="pl3 pr3 pl4-m pr4-m"><hr aria-hidden="true" class="w_8Gn9"></div><div class="pa3 pb0 ph4-m"><div class="flex-m flex-column-m"><div class="flex mb2"><a class="w_x7ug flex no-underline" link-identifier="Generic Name" tabindex="-1" aria-hidden="true" href="https://www.walmart.com/ip/Michelina-s-Fettucine-Alfredo-with-Chicken-and-Broccoli-Meal-8-0-Oz-Frozen-Dinner/14940814"><img loading="lazy" srcset="https://i5.walmartimages.com/asr/f07526b1-bfb6-4156-810b-d5700439ca85.3ff6a26334b64bc960ee5a879f1171f4.jpeg?odnHeight=104&amp;odnWidth=104&amp;odnBg=FFFFFF 1x, https://i5.walmartimages.com/asr/f07526b1-bfb6-4156-810b-d5700439ca85.3ff6a26334b64bc960ee5a879f1171f4.jpeg?odnHeight=208&amp;odnWidth=208&amp;odnBg=FFFFFF 2x" height="104" width="104" class="pointer mw-none" data-testid="productTileImage" alt="" src="./order_files/f07526b1-bfb6-4156-810b-d5700439ca85.3ff6a26334b64bc960ee5a879f1171f4.jpeg"></a><div class="flex flex-column w-100"><div class="flex flex-row"><div class="flex flex-column pl3 pr3 pr4-m"><div class="flex justify-between"><div class="f7 f5-m gray print-item-title"><a link-identifier="itemClick" aria-label="Michelina&#39;s Fettucine Alfredo with Chicken and Broccoli Meal 8.0 Oz. (Frozen Dinner)" class="no-underline" href="https://www.walmart.com/ip/Michelina-s-Fettucine-Alfredo-with-Chicken-and-Broccoli-Meal-8-0-Oz-Frozen-Dinner/14940814"><div data-testid="productName" class="sans-serif f5-l lh-copy-l lh-title overflow-hidden mid-gray"><span class="w_V_DM" style="-webkit-line-clamp: 2; padding-bottom: 0em; margin-bottom: 0em;">Michelina's Fettucine Alfredo with Chicken and Broccoli Meal 8.0 Oz. (Frozen Dinner)</span></div></a><div class="mt1 mt1" data-testid="productDescription"><div class="lh-title f6-l lh-copy-l sans-serif gray">16.8¢/oz</div></div></div></div><div class="bill-order-weight-adjust"><div class="dn"> Shopped</div><div class="pt1 f7 f6-m bill-item-quantity gray">Qty 1</div></div></div><div class="ml-auto"><div class="column3"><div class="f5 b black tr"><span aria-hidden="false">$1.34</span></div></div></div></div></div></div><div class="ml7-m pl6-m cta"><div class="pl2-m flex justify-between flex-wrap"><div class="ml-auto flex"><div class="dib-xl ml3-xl mb3"><div class="relative dib"><button class="w_hhLG w_XK4d w_0_LY" type="button" aria-label="Add to cart - Michelina&#39;s Fettucine Alfredo with Chicken and Broccoli Meal 8.0 Oz. (Frozen Dinner)" style="position: relative;"><span style="visibility: visible;">Add to cart</span></button></div></div></div></div></div><div class=""><div class="mb2 cta"><i class="ld ld-Star" style="font-size: 1rem; vertical-align: -0.175em; width: 1rem; height: 1rem; box-sizing: content-box;"></i><a class="w_x7ug pa1 pr3 items-center f6" link-identifier="Generic Name" href="https://www.walmart.com/reviews/write-review?productId=14940814&amp;returnUrl=/orders/200011054626160&amp;campaign_id=ORDER-DETAILS-SINGLE-ITEM-REVIEW">Write a review</a></div></div></div></div><div class="pl3 pr3 pl4-m pr4-m"><hr aria-hidden="true" class="w_8Gn9"></div><div class="pa3 pb0 ph4-m"><div class="flex-m flex-column-m"><div class="flex mb2"><a class="w_x7ug flex no-underline" link-identifier="Generic Name" tabindex="-1" aria-hidden="true" href="https://www.walmart.com/ip/Freshness-Guaranteed-Baked-Mini-4-inch-Apple-Pie/1198264684"><img loading="lazy" srcset="https://i5.walmartimages.com/asr/06b65273-7fd3-4cc9-abaa-8ff2962b0042.6cf0db16f18536217055905070758efa.jpeg?odnHeight=104&amp;odnWidth=104&amp;odnBg=FFFFFF 1x, https://i5.walmartimages.com/asr/06b65273-7fd3-4cc9-abaa-8ff2962b0042.6cf0db16f18536217055905070758efa.jpeg?odnHeight=208&amp;odnWidth=208&amp;odnBg=FFFFFF 2x" height="104" width="104" class="pointer mw-none" data-testid="productTileImage" alt="" src="./order_files/06b65273-7fd3-4cc9-abaa-8ff2962b0042.6cf0db16f18536217055905070758efa.jpeg"></a><div class="flex flex-column w-100"><div class="flex flex-row"><div class="flex flex-column pl3 pr3 pr4-m"><div class="flex justify-between"><div class="f7 f5-m gray print-item-title"><a link-identifier="itemClick" aria-label="Freshness Guaranteed Baked Mini 4 inch Apple Pie" class="no-underline" href="https://www.walmart.com/ip/Freshness-Guaranteed-Baked-Mini-4-inch-Apple-Pie/1198264684"><div data-testid="productName" class="sans-serif f5-l lh-copy-l lh-title overflow-hidden mid-gray"><span class="w_V_DM" style="-webkit-line-clamp: 2; padding-bottom: 0em; margin-bottom: 0em;">Freshness Guaranteed Baked Mini 4 inch Apple Pie</span></div></a><div class="mt1 mt1" data-testid="productDescription"><div class="lh-title f6-l lh-copy-l sans-serif gray">21.1¢/oz</div></div></div></div><div class="bill-order-weight-adjust"><div class="dn"> Shopped</div><div class="pt1 f7 f6-m bill-item-quantity gray">Qty 2</div></div></div><div class="ml-auto"><div class="column3"><div class="f5 b black tr"><span aria-hidden="false">$1.48</span></div><div class="f7 nowrap gray tr"><span data-testid="item-price">$0.74 ea</span></div></div></div></div></div></div><div class="ml7-m pl6-m cta"><div class="pl2-m flex justify-between flex-wrap"><div class="ml-auto flex"><div class="dib-xl ml3-xl mb3"><div class="relative dib"><button class="w_hhLG w_XK4d w_0_LY" type="button" aria-label="Add to cart - Freshness Guaranteed Baked Mini 4 inch Apple Pie" style="position: relative;"><span style="visibility: visible;">Add to cart</span></button></div></div></div></div></div><div class=""><div class="mb2 cta"><i class="ld ld-Star" style="font-size: 1rem; vertical-align: -0.175em; width: 1rem; height: 1rem; box-sizing: content-box;"></i><a class="w_x7ug pa1 pr3 items-center f6" link-identifier="Generic Name" href="https://www.walmart.com/reviews/write-review?productId=1198264684&amp;returnUrl=/orders/200011054626160&amp;campaign_id=ORDER-DETAILS-SINGLE-ITEM-REVIEW">Write a review</a></div></div></div></div><div class="pl3 pr3 pl4-m pr4-m"><hr aria-hidden="true" class="w_8Gn9"></div><div class="pa3 pb0 ph4-m"><div class="flex-m flex-column-m"><div class="flex mb2"><a class="w_x7ug flex no-underline" link-identifier="Generic Name" tabindex="-1" aria-hidden="true" href="https://www.walmart.com/ip/Freshness-Guaranteed-4-Mini-Pecan-Pie-3-25-oz/24447274"><img loading="lazy" srcset="https://i5.walmartimages.com/asr/b464410a-a82e-4ce5-9b63-4691f4240343.7be17f1f4e7ebaf7ac9e8522e10d3d49.jpeg?odnHeight=104&amp;odnWidth=104&amp;odnBg=FFFFFF 1x, https://i5.walmartimages.com/asr/b464410a-a82e-4ce5-9b63-4691f4240343.7be17f1f4e7ebaf7ac9e8522e10d3d49.jpeg?odnHeight=208&amp;odnWidth=208&amp;odnBg=FFFFFF 2x" height="104" width="104" class="pointer mw-none" data-testid="productTileImage" alt="" src="./order_files/b464410a-a82e-4ce5-9b63-4691f4240343.7be17f1f4e7ebaf7ac9e8522e10d3d49.jpeg"></a><div class="flex flex-column w-100"><div class="flex flex-row"><div class="flex flex-column pl3 pr3 pr4-m"><div class="flex justify-between"><div class="f7 f5-m gray print-item-title"><a link-identifier="itemClick" aria-label="Freshness Guaranteed 4&quot; Mini Pecan Pie, 3.25 oz" class="no-underline" href="https://www.walmart.com/ip/Freshness-Guaranteed-4-Mini-Pecan-Pie-3-25-oz/24447274"><div data-testid="productName" class="sans-serif f5-l lh-copy-l lh-title overflow-hidden mid-gray"><span class="w_V_DM" style="-webkit-line-clamp: 2; padding-bottom: 0em; margin-bottom: 0em;">Freshness Guaranteed 4" Mini Pecan Pie, 3.25 oz</span></div></a><div class="mt1 mt1" data-testid="productDescription"><div class="lh-title f6-l lh-copy-l sans-serif gray">22.8¢/oz</div></div></div></div><div class="bill-order-weight-adjust"><div class="dn"> Shopped</div><div class="pt1 f7 f6-m bill-item-quantity gray">Qty 4</div></div></div><div class="ml-auto"><div class="column3"><div class="f5 b black tr"><span aria-hidden="false">$2.96</span></div><div class="f7 nowrap gray tr"><span data-testid="item-price">$0.74 ea</span></div></div></div></div></div></div><div class="ml7-m pl6-m cta"><div class="pl2-m flex justify-between flex-wrap"><div class="ml-auto flex"><div class="dib-xl ml3-xl mb3"><div class="relative dib"><button class="w_hhLG w_XK4d w_0_LY" type="button" aria-label="Add to cart - Freshness Guaranteed 4&quot; Mini Pecan Pie, 3.25 oz" style="position: relative;"><span style="visibility: visible;">Add to cart</span></button></div></div></div></div></div><div class=""><div class="mb2 cta"><i class="ld ld-Star" style="font-size: 1rem; vertical-align: -0.175em; width: 1rem; height: 1rem; box-sizing: content-box;"></i><a class="w_x7ug pa1 pr3 items-center f6" link-identifier="Generic Name" href="https://www.walmart.com/reviews/write-review?productId=24447274&amp;returnUrl=/orders/200011054626160&amp;campaign_id=ORDER-DETAILS-SINGLE-ITEM-REVIEW">Write a review</a></div></div></div></div><div class="pl3 pr3 pl4-m pr4-m"><hr aria-hidden="true" class="w_8Gn9"></div><div class="pa3 pb0 ph4-m"><div class="flex-m flex-column-m"><div class="flex mb2"><a class="w_x7ug flex no-underline" link-identifier="Generic Name" tabindex="-1" aria-hidden="true" href="https://www.walmart.com/ip/Great-Value-Pitted-Dark-Sweet-Cherries-16-oz-Frozen/13045006"><img loading="lazy" srcset="https://i5.walmartimages.com/asr/cd32ac69-1573-418e-b460-4b84d5451250.2fee4b67b2cda33f78e0d5fedf93b96f.jpeg?odnHeight=104&amp;odnWidth=104&amp;odnBg=FFFFFF 1x, https://i5.walmartimages.com/asr/cd32ac69-1573-418e-b460-4b84d5451250.2fee4b67b2cda33f78e0d5fedf93b96f.jpeg?odnHeight=208&amp;odnWidth=208&amp;odnBg=FFFFFF 2x" height="104" width="104" class="pointer mw-none" data-testid="productTileImage" alt="" src="./order_files/cd32ac69-1573-418e-b460-4b84d5451250.2fee4b67b2cda33f78e0d5fedf93b96f.jpeg"></a><div class="flex flex-column w-100"><div class="flex flex-row"><div class="flex flex-column pl3 pr3 pr4-m"><div class="flex justify-between"><div class="f7 f5-m gray print-item-title"><a link-identifier="itemClick" aria-label="Great Value Pitted Dark Sweet Cherries, 16 oz (Frozen)" class="no-underline" href="https://www.walmart.com/ip/Great-Value-Pitted-Dark-Sweet-Cherries-16-oz-Frozen/13045006"><div data-testid="productName" class="sans-serif f5-l lh-copy-l lh-title overflow-hidden mid-gray"><span class="w_V_DM" style="-webkit-line-clamp: 2; padding-bottom: 0em; margin-bottom: 0em;">Great Value Pitted Dark Sweet Cherries, 16 oz (Frozen)</span></div></a><div class="mt1 mt1" data-testid="productDescription"><div class="lh-title f6-l lh-copy-l sans-serif gray">24.3¢/oz</div></div></div></div><div class="bill-order-weight-adjust"><div class="dn"> Shopped</div><div class="pt1 f7 f6-m bill-item-quantity gray">Qty 1</div></div></div><div class="ml-auto"><div class="column3"><div class="f5 b black tr"><span aria-hidden="false">$3.88</span></div></div></div></div></div></div><div class="ml7-m pl6-m cta"><div class="pl2-m flex justify-between flex-wrap"><div class="ml-auto flex"><div class="dib-xl ml3-xl mb3"><div class="relative dib"><button class="w_hhLG w_XK4d w_0_LY" type="button" aria-label="Add to cart - Great Value Pitted Dark Sweet Cherries, 16 oz (Frozen)" style="position: relative;"><span style="visibility: visible;">Add to cart</span></button></div></div></div></div></div><div class=""><div class="mb2 cta"><i class="ld ld-Star" style="font-size: 1rem; vertical-align: -0.175em; width: 1rem; height: 1rem; box-sizing: content-box;"></i><a class="w_x7ug pa1 pr3 items-center f6" link-identifier="Generic Name" href="https://www.walmart.com/reviews/write-review?productId=13045006&amp;returnUrl=/orders/200011054626160&amp;campaign_id=ORDER-DETAILS-SINGLE-ITEM-REVIEW">Write a review</a></div></div></div></div><div class="pl3 pr3 pl4-m pr4-m"><hr aria-hidden="true" class="w_8Gn9"></div><div class="pa3 pb0 ph4-m"><div class="flex-m flex-column-m"><div class="flex mb2"><a class="w_x7ug flex no-underline" link-identifier="Generic Name" tabindex="-1" aria-hidden="true" href="https://www.walmart.com/ip/Great-Value-Cashew-Halves-Pieces-27-oz/315393128"><img loading="lazy" srcset="https://i5.walmartimages.com/asr/4eab6c3c-190d-4765-874d-33f883a80437.974f7a40d2f54ca5c2af59fe86949655.jpeg?odnHeight=104&amp;odnWidth=104&amp;odnBg=FFFFFF 1x, https://i5.walmartimages.com/asr/4eab6c3c-190d-4765-874d-33f883a80437.974f7a40d2f54ca5c2af59fe86949655.jpeg?odnHeight=208&amp;odnWidth=208&amp;odnBg=FFFFFF 2x" height="104" width="104" class="pointer mw-none" data-testid="productTileImage" alt="" src="./order_files/4eab6c3c-190d-4765-874d-33f883a80437.974f7a40d2f54ca5c2af59fe86949655.jpeg"></a><div class="flex flex-column w-100"><div class="flex flex-row"><div class="flex flex-column pl3 pr3 pr4-m"><div class="flex justify-between"><div class="f7 f5-m gray print-item-title"><a link-identifier="itemClick" aria-label="Great Value Cashew Halves &amp; Pieces, 27 oz" class="no-underline" href="https://www.walmart.com/ip/Great-Value-Cashew-Halves-Pieces-27-oz/315393128"><div data-testid="productName" class="sans-serif f5-l lh-copy-l lh-title overflow-hidden mid-gray"><span class="w_V_DM" style="-webkit-line-clamp: 2; padding-bottom: 0em; margin-bottom: 0em;">Great Value Cashew Halves &amp; Pieces, 27 oz</span></div></a><div class="mt1 mt1" data-testid="productDescription"><div class="lh-title f6-l lh-copy-l sans-serif gray">37.0¢/oz</div></div></div></div><div class="bill-order-weight-adjust"><div class="dn"> Shopped</div><div class="pt1 f7 f6-m bill-item-quantity gray">Qty 1</div></div></div><div class="ml-auto"><div class="column3"><div class="f5 b black tr"><span aria-hidden="false">$9.98</span></div></div></div></div></div></div><div class="ml7-m pl6-m cta"><div class="pl2-m flex justify-between flex-wrap"><div class="ml-auto flex"><div class="dib-xl ml3-xl mb3"><div class="relative dib"><button class="w_hhLG w_XK4d w_0_LY" type="button" aria-label="Add to cart - Great Value Cashew Halves &amp; Pieces, 27 oz" style="position: relative;"><span style="visibility: visible;">Add to cart</span></button></div></div></div></div></div><div class=""><div class="mb2 cta"><i class="ld ld-Star" style="font-size: 1rem; vertical-align: -0.175em; width: 1rem; height: 1rem; box-sizing: content-box;"></i><a class="w_x7ug pa1 pr3 items-center f6" link-identifier="Generic Name" href="https://www.walmart.com/reviews/write-review?productId=315393128&amp;returnUrl=/orders/200011054626160&amp;campaign_id=ORDER-DETAILS-SINGLE-ITEM-REVIEW">Write a review</a></div></div></div></div><div class="pl3 pr3 pl4-m pr4-m"><hr aria-hidden="true" class="w_8Gn9"></div><div class="pa3 pb0 ph4-m"><div class="flex-m flex-column-m"><div class="flex mb2"><a class="w_x7ug flex no-underline" link-identifier="Generic Name" tabindex="-1" aria-hidden="true" href="https://www.walmart.com/ip/Sam-s-Choice-Whole-Wheat-Greek-Style-Pita-16-8-oz-6-Count/673661845"><img loading="lazy" srcset="https://i5.walmartimages.com/asr/f6c3334e-e4d5-45c5-9ec1-a73e0b3dcf68.d783afa554adef316d3ba4692ddfb3c9.jpeg?odnHeight=104&amp;odnWidth=104&amp;odnBg=FFFFFF 1x, https://i5.walmartimages.com/asr/f6c3334e-e4d5-45c5-9ec1-a73e0b3dcf68.d783afa554adef316d3ba4692ddfb3c9.jpeg?odnHeight=208&amp;odnWidth=208&amp;odnBg=FFFFFF 2x" height="104" width="104" class="pointer mw-none" data-testid="productTileImage" alt="" src="./order_files/f6c3334e-e4d5-45c5-9ec1-a73e0b3dcf68.d783afa554adef316d3ba4692ddfb3c9.jpeg"></a><div class="flex flex-column w-100"><div class="flex flex-row"><div class="flex flex-column pl3 pr3 pr4-m"><div class="flex justify-between"><div class="f7 f5-m gray print-item-title"><a link-identifier="itemClick" aria-label="Sam&#39;s Choice Whole Wheat Greek Style Pita, 16.8 oz, 6 Count" class="no-underline" href="https://www.walmart.com/ip/Sam-s-Choice-Whole-Wheat-Greek-Style-Pita-16-8-oz-6-Count/673661845"><div data-testid="productName" class="sans-serif f5-l lh-copy-l lh-title overflow-hidden mid-gray"><span class="w_V_DM" style="-webkit-line-clamp: 2; padding-bottom: 0em; margin-bottom: 0em;">Sam's Choice Whole Wheat Greek Style Pita, 16.8 oz, 6 Count</span></div></a><div class="mt1 mt1" data-testid="productDescription"><div class="lh-title f6-l lh-copy-l sans-serif gray">22.3¢/oz</div></div></div></div><div class="bill-order-weight-adjust"><div class="dn"> Shopped</div><div class="pt1 f7 f6-m bill-item-quantity gray">Qty 1</div></div></div><div class="ml-auto"><div class="column3"><div class="f5 b black tr"><span aria-hidden="false">$3.74</span></div></div></div></div></div></div><div class="ml7-m pl6-m cta"><div class="pl2-m flex justify-between flex-wrap"><div class="ml-auto flex"><div class="dib-xl ml3-xl mb3"><div class="relative dib"><button class="w_hhLG w_XK4d w_0_LY" type="button" aria-label="Add to cart - Sam&#39;s Choice Whole Wheat Greek Style Pita, 16.8 oz, 6 Count" style="position: relative;"><span style="visibility: visible;">Add to cart</span></button></div></div></div></div></div><div class=""><div class="mb2 cta"><i class="ld ld-Star" style="font-size: 1rem; vertical-align: -0.175em; width: 1rem; height: 1rem; box-sizing: content-box;"></i><a class="w_x7ug pa1 pr3 items-center f6" link-identifier="Generic Name" href="https://www.walmart.com/reviews/write-review?productId=673661845&amp;returnUrl=/orders/200011054626160&amp;campaign_id=ORDER-DETAILS-SINGLE-ITEM-REVIEW">Write a review</a></div></div></div></div><div class="pl3 pr3 pl4-m pr4-m"><hr aria-hidden="true" class="w_8Gn9"></div><div class="pa3 pb0 ph4-m"><div class="flex-m flex-column-m"><div class="flex mb2"><a class="w_x7ug flex no-underline" link-identifier="Generic Name" tabindex="-1" aria-hidden="true" href="https://www.walmart.com/ip/Smart-Ones-Slow-Roasted-Turkey-Breast-Frozen-Meal-9-Oz-box/10794853"><img loading="lazy" srcset="https://i5.walmartimages.com/asr/c75a905d-00b1-4bc7-8bff-be52be8216b8.4c4763837cec7287983d47f63d945a17.jpeg?odnHeight=104&amp;odnWidth=104&amp;odnBg=FFFFFF 1x, https://i5.walmartimages.com/asr/c75a905d-00b1-4bc7-8bff-be52be8216b8.4c4763837cec7287983d47f63d945a17.jpeg?odnHeight=208&amp;odnWidth=208&amp;odnBg=FFFFFF 2x" height="104" width="104" class="pointer mw-none" data-testid="productTileImage" alt="" src="./order_files/c75a905d-00b1-4bc7-8bff-be52be8216b8.4c4763837cec7287983d47f63d945a17.jpeg"></a><div class="flex flex-column w-100"><div class="flex flex-row"><div class="flex flex-column pl3 pr3 pr4-m"><div class="flex justify-between"><div class="f7 f5-m gray print-item-title"><a link-identifier="itemClick" aria-label="Smart Ones Slow Roasted Turkey Breast Frozen Meal, 9 Oz box" class="no-underline" href="https://www.walmart.com/ip/Smart-Ones-Slow-Roasted-Turkey-Breast-Frozen-Meal-9-Oz-box/10794853"><div data-testid="productName" class="sans-serif f5-l lh-copy-l lh-title overflow-hidden mid-gray"><span class="w_V_DM" style="-webkit-line-clamp: 2; padding-bottom: 0em; margin-bottom: 0em;">Smart Ones Slow Roasted Turkey Breast Frozen Meal, 9 Oz box</span></div></a><div class="mt1 mt1" data-testid="productDescription"><div class="lh-title f6-l lh-copy-l sans-serif gray">$4.25/lb</div></div></div></div><div class="bill-order-weight-adjust"><div class="dn"> Shopped</div><div class="pt1 f7 f6-m bill-item-quantity gray">Qty 1</div></div></div><div class="ml-auto"><div class="column3"><div class="f5 b black tr"><span aria-hidden="false">$2.38</span></div></div></div></div></div></div><div class="ml7-m pl6-m cta"><div class="pl2-m flex justify-between flex-wrap"><div class="ml-auto flex"><div class="dib-xl ml3-xl mb3"><div class="relative dib"><button class="w_hhLG w_XK4d w_0_LY" type="button" aria-label="Add to cart - Smart Ones Slow Roasted Turkey Breast Frozen Meal, 9 Oz box" style="position: relative;"><span style="visibility: visible;">Add to cart</span></button></div></div></div></div></div><div class=""><div class="mb2 cta"><i class="ld ld-Star" style="font-size: 1rem; vertical-align: -0.175em; width: 1rem; height: 1rem; box-sizing: content-box;"></i><a class="w_x7ug pa1 pr3 items-center f6" link-identifier="Generic Name" href="https://www.walmart.com/reviews/write-review?productId=10794853&amp;returnUrl=/orders/200011054626160&amp;campaign_id=ORDER-DETAILS-SINGLE-ITEM-REVIEW">Write a review</a></div></div></div></div><div class="pl3 pr3 pl4-m pr4-m"><hr aria-hidden="true" class="w_8Gn9"></div><div class="pa3 pb0 ph4-m"><div class="flex-m flex-column-m"><div class="flex mb2"><a class="w_x7ug flex no-underline" link-identifier="Generic Name" tabindex="-1" aria-hidden="true" href="https://www.walmart.com/ip/Great-Value-Honey-12-oz/20647992"><img loading="lazy" srcset="https://i5.walmartimages.com/asr/c07e5a16-fb71-4313-a8e2-5a5561a9b3d3.9f104c3a50f0a5278dd722c470f6b9a9.jpeg?odnHeight=104&amp;odnWidth=104&amp;odnBg=FFFFFF 1x, https://i5.walmartimages.com/asr/c07e5a16-fb71-4313-a8e2-5a5561a9b3d3.9f104c3a50f0a5278dd722c470f6b9a9.jpeg?odnHeight=208&amp;odnWidth=208&amp;odnBg=FFFFFF 2x" height="104" width="104" class="pointer mw-none" data-testid="productTileImage" alt="" src="./order_files/c07e5a16-fb71-4313-a8e2-5a5561a9b3d3.9f104c3a50f0a5278dd722c470f6b9a9.jpeg"></a><div class="flex flex-column w-100"><div class="flex flex-row"><div class="flex flex-column pl3 pr3 pr4-m"><div class="flex justify-between"><div class="f7 f5-m gray print-item-title"><a link-identifier="itemClick" aria-label="Great Value Honey, 12 oz" class="no-underline" href="https://www.walmart.com/ip/Great-Value-Honey-12-oz/20647992"><div data-testid="productName" class="sans-serif f5-l lh-copy-l lh-title overflow-hidden mid-gray"><span class="w_V_DM" style="-webkit-line-clamp: 2; padding-bottom: 0em; margin-bottom: 0em;">Great Value Honey, 12 oz</span></div></a><div class="mt1 mt1" data-testid="productDescription"><div class="lh-title f6-l lh-copy-l sans-serif gray">32.8¢/oz</div></div></div></div><div class="bill-order-weight-adjust"><div class="dn"> Shopped</div><div class="pt1 f7 f6-m bill-item-quantity gray">Qty 1</div></div></div><div class="ml-auto"><div class="column3"><div class="f5 b black tr"><span aria-hidden="false">$3.94</span></div></div></div></div></div></div><div class="ml7-m pl6-m cta"></div><div class="pt2"><div class="mb2 cta"><i class="ld ld-Star" style="font-size: 1rem; vertical-align: -0.175em; width: 1rem; height: 1rem; box-sizing: content-box;"></i><a class="w_x7ug pa1 pr3 items-center f6" link-identifier="Generic Name" href="https://www.walmart.com/reviews/write-review?productId=20647992&amp;returnUrl=/orders/200011054626160&amp;campaign_id=ORDER-DETAILS-SINGLE-ITEM-REVIEW">Write a review</a></div></div></div></div><div class="pl3 pr3 pl4-m pr4-m"><hr aria-hidden="true" class="w_8Gn9"></div><div class="pa3 pb0 ph4-m"><div class="flex-m flex-column-m"><div class="flex mb2"><a class="w_x7ug flex no-underline" link-identifier="Generic Name" tabindex="-1" aria-hidden="true" href="https://www.walmart.com/ip/Popeye-Canned-Chopped-Spinach-13-5-oz-Can/10312199"><img loading="lazy" srcset="https://i5.walmartimages.com/asr/284b55ba-6585-4ad6-ac43-48549c2316bd.310ac4e8de6528f517581ad699643a32.png?odnHeight=104&amp;odnWidth=104&amp;odnBg=FFFFFF 1x, https://i5.walmartimages.com/asr/284b55ba-6585-4ad6-ac43-48549c2316bd.310ac4e8de6528f517581ad699643a32.png?odnHeight=208&amp;odnWidth=208&amp;odnBg=FFFFFF 2x" height="104" width="104" class="pointer mw-none" data-testid="productTileImage" alt="" src="./order_files/284b55ba-6585-4ad6-ac43-48549c2316bd.310ac4e8de6528f517581ad699643a32.png"></a><div class="flex flex-column w-100"><div class="flex flex-row"><div class="flex flex-column pl3 pr3 pr4-m"><div class="flex justify-between"><div class="f7 f5-m gray print-item-title"><a link-identifier="itemClick" aria-label="Popeye Canned Chopped Spinach, 13.5 oz , Can" class="no-underline" href="https://www.walmart.com/ip/Popeye-Canned-Chopped-Spinach-13-5-oz-Can/10312199"><div data-testid="productName" class="sans-serif f5-l lh-copy-l lh-title overflow-hidden mid-gray"><span class="w_V_DM" style="-webkit-line-clamp: 2; padding-bottom: 0em; margin-bottom: 0em;">Popeye Canned Chopped Spinach, 13.5 oz , Can</span></div></a><div class="mt1 mt1" data-testid="productDescription"><div class="lh-title f6-l lh-copy-l sans-serif gray">9.8¢/oz</div></div></div></div><div class="bill-order-weight-adjust"><div class="dn"> Shopped</div><div class="pt1 f7 f6-m bill-item-quantity gray">Qty 2</div></div></div><div class="ml-auto"><div class="column3"><div class="f5 b black tr"><span aria-hidden="false">$2.64</span></div><div class="f7 nowrap gray tr"><span data-testid="item-price">$1.32 ea</span></div></div></div></div></div></div><div class="ml7-m pl6-m cta"></div><div class="pt2"><div class="mb2 cta"><i class="ld ld-Star" style="font-size: 1rem; vertical-align: -0.175em; width: 1rem; height: 1rem; box-sizing: content-box;"></i><a class="w_x7ug pa1 pr3 items-center f6" link-identifier="Generic Name" href="https://www.walmart.com/reviews/write-review?productId=10312199&amp;returnUrl=/orders/200011054626160&amp;campaign_id=ORDER-DETAILS-SINGLE-ITEM-REVIEW">Write a review</a></div></div></div></div></div></div></div><hr aria-hidden="true" class="w_8Gn9"></div></div><div class="dn print-items-list"><div class="pv2 flex justify-between"><div class="w_U9_0 w_sD6D w_QcqU">Fresh Roma Tomato, Each</div><div class="flex"><div class="print-bill-type"><div class="w_U9_0 w_sD6D w_QcqU">Weight-adjusted</div></div><div class="print-bill-qty"><div class="w_U9_0 w_sD6D w_QcqU">Qty 3</div></div><div class="print-bill-price"><div class="w_U9_0 w_sD6D w_QcqU">$0.94</div></div></div></div><hr aria-hidden="true" class="w_8Gn9"></div><div class="dn print-items-list"><div class="pv2 flex justify-between"><div class="w_U9_0 w_sD6D w_QcqU">Green Bell Pepper</div><div class="flex"><div class="print-bill-type"><div class="w_U9_0 w_sD6D w_QcqU">Weight-adjusted</div></div><div class="print-bill-qty"><div class="w_U9_0 w_sD6D w_QcqU">Qty 3</div></div><div class="print-bill-price"><div class="w_U9_0 w_sD6D w_QcqU">$2.16</div></div></div></div><hr aria-hidden="true" class="w_8Gn9"></div><div class="dn print-items-list"><div class="pv2 flex justify-between"><div class="w_U9_0 w_sD6D w_QcqU">Fresh Cauliflower, Each</div><div class="flex"><div class="print-bill-type"><div class="w_U9_0 w_sD6D w_QcqU">Weight-adjusted</div></div><div class="print-bill-qty"><div class="w_U9_0 w_sD6D w_QcqU">Qty 1</div></div><div class="print-bill-price"><div class="w_U9_0 w_sD6D w_QcqU">$2.98</div></div></div></div><hr aria-hidden="true" class="w_8Gn9"></div><div class="dn print-items-list"><div class="pv2 flex justify-between"><div class="w_U9_0 w_sD6D w_QcqU">Freshness Guaranteed Boneless Chicken Thighs, 2.75 - 4.0 lb</div><div class="flex"><div class="print-bill-type"><div class="w_U9_0 w_sD6D w_QcqU">Weight-adjusted</div></div><div class="print-bill-qty"><div class="w_U9_0 w_sD6D w_QcqU">Qty 1</div></div><div class="print-bill-price"><div class="w_U9_0 w_sD6D w_QcqU">$13.46</div></div></div></div><hr aria-hidden="true" class="w_8Gn9"></div><div class="dn print-items-list"><div class="pv2 flex justify-between"><div class="w_U9_0 w_sD6D w_QcqU">Nature Valley Chewy Granola Bars, Dark Chocolate Peanut Almond, 24 Ct</div><div class="flex"><div class="print-bill-type"><div class="w_U9_0 w_sD6D w_QcqU">Shopped</div></div><div class="print-bill-qty"><div class="w_U9_0 w_sD6D w_QcqU">Qty 1</div></div><div class="print-bill-price"><div class="w_U9_0 w_sD6D w_QcqU">$10.96</div></div></div></div><hr aria-hidden="true" class="w_8Gn9"></div><div class="dn print-items-list"><div class="pv2 flex justify-between"><div class="w_U9_0 w_sD6D w_QcqU">Great Value 100% Whole Wheat Round Top Bread Loaf, 20 oz</div><div class="flex"><div class="print-bill-type"><div class="w_U9_0 w_sD6D w_QcqU">Shopped</div></div><div class="print-bill-qty"><div class="w_U9_0 w_sD6D w_QcqU">Qty 1</div></div><div class="print-bill-price"><div class="w_U9_0 w_sD6D w_QcqU">$1.88</div></div></div></div><hr aria-hidden="true" class="w_8Gn9"></div><div class="dn print-items-list"><div class="pv2 flex justify-between"><div class="w_U9_0 w_sD6D w_QcqU">Great Value Coffee Ice Cream, 16 fl oz</div><div class="flex"><div class="print-bill-type"><div class="w_U9_0 w_sD6D w_QcqU">Shopped</div></div><div class="print-bill-qty"><div class="w_U9_0 w_sD6D w_QcqU">Qty 1</div></div><div class="print-bill-price"><div class="w_U9_0 w_sD6D w_QcqU">$1.63</div></div></div></div><hr aria-hidden="true" class="w_8Gn9"></div><div class="dn print-items-list"><div class="pv2 flex justify-between"><div class="w_U9_0 w_sD6D w_QcqU">Great Value Crushed Tomatoes with Tomato Puree, 28 Oz</div><div class="flex"><div class="print-bill-type"><div class="w_U9_0 w_sD6D w_QcqU">Shopped</div></div><div class="print-bill-qty"><div class="w_U9_0 w_sD6D w_QcqU">Qty 1</div></div><div class="print-bill-price"><div class="w_U9_0 w_sD6D w_QcqU">$1.36</div></div></div></div><hr aria-hidden="true" class="w_8Gn9"></div><div class="dn print-items-list"><div class="pv2 flex justify-between"><div class="w_U9_0 w_sD6D w_QcqU">Great Value, No Salt Added, Canned Black Beans, 15 oz Can</div><div class="flex"><div class="print-bill-type"><div class="w_U9_0 w_sD6D w_QcqU">Shopped</div></div><div class="print-bill-qty"><div class="w_U9_0 w_sD6D w_QcqU">Qty 1</div></div><div class="print-bill-price"><div class="w_U9_0 w_sD6D w_QcqU">$0.78</div></div></div></div><hr aria-hidden="true" class="w_8Gn9"></div><div class="dn print-items-list"><div class="pv2 flex justify-between"><div class="w_U9_0 w_sD6D w_QcqU">Great Value Thin Spaghetti, 1 lb</div><div class="flex"><div class="print-bill-type"><div class="w_U9_0 w_sD6D w_QcqU">Shopped</div></div><div class="print-bill-qty"><div class="w_U9_0 w_sD6D w_QcqU">Qty 2</div></div><div class="print-bill-price"><div class="w_U9_0 w_sD6D w_QcqU">$1.96</div></div></div></div><hr aria-hidden="true" class="w_8Gn9"></div><div class="dn print-items-list"><div class="pv2 flex justify-between"><div class="w_U9_0 w_sD6D w_QcqU">Great Value Tomato Basil Garlic Pasta Sauce, 24 oz</div><div class="flex"><div class="print-bill-type"><div class="w_U9_0 w_sD6D w_QcqU">Shopped</div></div><div class="print-bill-qty"><div class="w_U9_0 w_sD6D w_QcqU">Qty 1</div></div><div class="print-bill-price"><div class="w_U9_0 w_sD6D w_QcqU">$1.48</div></div></div></div><hr aria-hidden="true" class="w_8Gn9"></div><div class="dn print-items-list"><div class="pv2 flex justify-between"><div class="w_U9_0 w_sD6D w_QcqU">Great Value Classic Alfredo Pasta Sauce, 16 oz</div><div class="flex"><div class="print-bill-type"><div class="w_U9_0 w_sD6D w_QcqU">Shopped</div></div><div class="print-bill-qty"><div class="w_U9_0 w_sD6D w_QcqU">Qty 1</div></div><div class="print-bill-price"><div class="w_U9_0 w_sD6D w_QcqU">$1.82</div></div></div></div><hr aria-hidden="true" class="w_8Gn9"></div><div class="dn print-items-list"><div class="pv2 flex justify-between"><div class="w_U9_0 w_sD6D w_QcqU">Great Value Whole Vitamin D Milk, Gallon, 128 fl oz</div><div class="flex"><div class="print-bill-type"><div class="w_U9_0 w_sD6D w_QcqU">Shopped</div></div><div class="print-bill-qty"><div class="w_U9_0 w_sD6D w_QcqU">Qty 1</div></div><div class="print-bill-price"><div class="w_U9_0 w_sD6D w_QcqU">$2.86</div></div></div></div><hr aria-hidden="true" class="w_8Gn9"></div><div class="dn print-items-list"><div class="pv2 flex justify-between"><div class="w_U9_0 w_sD6D w_QcqU">Fresh Russet Potatoes, 10 lb Bag</div><div class="flex"><div class="print-bill-type"><div class="w_U9_0 w_sD6D w_QcqU">Shopped</div></div><div class="print-bill-qty"><div class="w_U9_0 w_sD6D w_QcqU">Qty 1</div></div><div class="print-bill-price"><div class="w_U9_0 w_sD6D w_QcqU">$8.54</div></div></div></div><hr aria-hidden="true" class="w_8Gn9"></div><div class="dn print-items-list"><div class="pv2 flex justify-between"><div class="w_U9_0 w_sD6D w_QcqU">Marie Callender's Aged Cheddar Cheesy Chicken &amp; Rice Bowl, Frozen Meal, 12 oz (Frozen)</div><div class="flex"><div class="print-bill-type"><div class="w_U9_0 w_sD6D w_QcqU">Shopped</div></div><div class="print-bill-qty"><div class="w_U9_0 w_sD6D w_QcqU">Qty 1</div></div><div class="print-bill-price"><div class="w_U9_0 w_sD6D w_QcqU">$2.98</div></div></div></div><hr aria-hidden="true" class="w_8Gn9"></div><div class="dn print-items-list"><div class="pv2 flex justify-between"><div class="w_U9_0 w_sD6D w_QcqU">Marie Callender's Classic Spaghetti and Meatballs Bowl Frozen Meal, 12.4 oz (Frozen)</div><div class="flex"><div class="print-bill-type"><div class="w_U9_0 w_sD6D w_QcqU">Shopped</div></div><div class="print-bill-qty"><div class="w_U9_0 w_sD6D w_QcqU">Qty 1</div></div><div class="print-bill-price"><div class="w_U9_0 w_sD6D w_QcqU">$2.98</div></div></div></div><hr aria-hidden="true" class="w_8Gn9"></div><div class="dn print-items-list"><div class="pv2 flex justify-between"><div class="w_U9_0 w_sD6D w_QcqU">Michelina's Fettucine Alfredo with Chicken and Broccoli Meal 8.0 Oz. (Frozen Dinner)</div><div class="flex"><div class="print-bill-type"><div class="w_U9_0 w_sD6D w_QcqU">Shopped</div></div><div class="print-bill-qty"><div class="w_U9_0 w_sD6D w_QcqU">Qty 1</div></div><div class="print-bill-price"><div class="w_U9_0 w_sD6D w_QcqU">$1.34</div></div></div></div><hr aria-hidden="true" class="w_8Gn9"></div><div class="dn print-items-list"><div class="pv2 flex justify-between"><div class="w_U9_0 w_sD6D w_QcqU">Freshness Guaranteed Baked Mini 4 inch Apple Pie</div><div class="flex"><div class="print-bill-type"><div class="w_U9_0 w_sD6D w_QcqU">Shopped</div></div><div class="print-bill-qty"><div class="w_U9_0 w_sD6D w_QcqU">Qty 2</div></div><div class="print-bill-price"><div class="w_U9_0 w_sD6D w_QcqU">$1.48</div></div></div></div><hr aria-hidden="true" class="w_8Gn9"></div><div class="dn print-items-list"><div class="pv2 flex justify-between"><div class="w_U9_0 w_sD6D w_QcqU">Freshness Guaranteed 4" Mini Pecan Pie, 3.25 oz</div><div class="flex"><div class="print-bill-type"><div class="w_U9_0 w_sD6D w_QcqU">Shopped</div></div><div class="print-bill-qty"><div class="w_U9_0 w_sD6D w_QcqU">Qty 4</div></div><div class="print-bill-price"><div class="w_U9_0 w_sD6D w_QcqU">$2.96</div></div></div></div><hr aria-hidden="true" class="w_8Gn9"></div><div class="dn print-items-list"><div class="pv2 flex justify-between"><div class="w_U9_0 w_sD6D w_QcqU">Great Value Pitted Dark Sweet Cherries, 16 oz (Frozen)</div><div class="flex"><div class="print-bill-type"><div class="w_U9_0 w_sD6D w_QcqU">Shopped</div></div><div class="print-bill-qty"><div class="w_U9_0 w_sD6D w_QcqU">Qty 1</div></div><div class="print-bill-price"><div class="w_U9_0 w_sD6D w_QcqU">$3.88</div></div></div></div><hr aria-hidden="true" class="w_8Gn9"></div><div class="dn print-items-list"><div class="pv2 flex justify-between"><div class="w_U9_0 w_sD6D w_QcqU">Great Value Cashew Halves &amp; Pieces, 27 oz</div><div class="flex"><div class="print-bill-type"><div class="w_U9_0 w_sD6D w_QcqU">Shopped</div></div><div class="print-bill-qty"><div class="w_U9_0 w_sD6D w_QcqU">Qty 1</div></div><div class="print-bill-price"><div class="w_U9_0 w_sD6D w_QcqU">$9.98</div></div></div></div><hr aria-hidden="true" class="w_8Gn9"></div><div class="dn print-items-list"><div class="pv2 flex justify-between"><div class="w_U9_0 w_sD6D w_QcqU">Sam's Choice Whole Wheat Greek Style Pita, 16.8 oz, 6 Count</div><div class="flex"><div class="print-bill-type"><div class="w_U9_0 w_sD6D w_QcqU">Shopped</div></div><div class="print-bill-qty"><div class="w_U9_0 w_sD6D w_QcqU">Qty 1</div></div><div class="print-bill-price"><div class="w_U9_0 w_sD6D w_QcqU">$3.74</div></div></div></div><hr aria-hidden="true" class="w_8Gn9"></div><div class="dn print-items-list"><div class="pv2 flex justify-between"><div class="w_U9_0 w_sD6D w_QcqU">Smart Ones Slow Roasted Turkey Breast Frozen Meal, 9 Oz box</div><div class="flex"><div class="print-bill-type"><div class="w_U9_0 w_sD6D w_QcqU">Shopped</div></div><div class="print-bill-qty"><div class="w_U9_0 w_sD6D w_QcqU">Qty 1</div></div><div class="print-bill-price"><div class="w_U9_0 w_sD6D w_QcqU">$2.38</div></div></div></div><hr aria-hidden="true" class="w_8Gn9"></div><div class="dn print-items-list"><div class="pv2 flex justify-between"><div class="w_U9_0 w_sD6D w_QcqU">Great Value Honey, 12 oz</div><div class="flex"><div class="print-bill-type"><div class="w_U9_0 w_sD6D w_QcqU">Shopped</div></div><div class="print-bill-qty"><div class="w_U9_0 w_sD6D w_QcqU">Qty 1</div></div><div class="print-bill-price"><div class="w_U9_0 w_sD6D w_QcqU">$3.94</div></div></div></div><hr aria-hidden="true" class="w_8Gn9"></div><div class="dn print-items-list"><div class="pv2 flex justify-between"><div class="w_U9_0 w_sD6D w_QcqU">Popeye Canned Chopped Spinach, 13.5 oz , Can</div><div class="flex"><div class="print-bill-type"><div class="w_U9_0 w_sD6D w_QcqU">Shopped</div></div><div class="print-bill-qty"><div class="w_U9_0 w_sD6D w_QcqU">Qty 2</div></div><div class="print-bill-price"><div class="w_U9_0 w_sD6D w_QcqU">$2.64</div></div></div></div><hr aria-hidden="true" class="w_8Gn9"></div></div><div class="od-print-view"><div class="dn-m"><div class="flex-m flex-row-reverse-m justify-around-m flex-wrap-m"><div class="dib-m ph3 pb3 ph0-m pb0-m pt4-m"><button class="w_hhLG w_8nsR w_lgOn w_jDfj" type="button" aria-label="Reorder All, Delivered on Jun 25, Delivery from store, 35 items">Reorder all</button></div></div></div></div></div><div class="w-third-m print-bill-payment-section"><div class="dn db-m mb3 od-print-view"><button class="w_hhLG w_XK4d w_lgOn w_jDfj" type="button">Start a return</button></div><div class="br3-m shadow-1-m color-white-m pa2-m pa4-l mb4-m"><div class="dn db-m"><div><span class="w_VbBP w_mFV6 w_I_19 w_3oNC w_AAn7 mb3 ws-normal">Delivery from store</span><div class="pa3 ph0-m pt0-m"><div class="flex justify-between"><h2 class="w_kV33 w_Sl3f w_mvVb f5 f4-m lh-copy">Address</h2></div><div class="flex flex-column mid-gray pt2 pt1-m lh-copy" data-qm-mask="true"><span class="w_yTSq w_0aYG w_TErl">Swastik Ghosh</span><span class="w_yTSq w_0aYG w_TErl">1120 Carlton Ave, Apt 203, Raleigh, NC 27606</span></div></div><hr aria-hidden="true" class="w_8Gn9 mb3"><div class="pa3 ph0-m pt0-m"><div class="flex justify-between"><h2 class="w_kV33 w_Sl3f w_mvVb f5 f4-m lh-copy">Delivery instructions</h2><button class="bg-transparent bn lh-solid pa0 sans-serif tc underline inline-button black pointer f6" type="button" aria-label="Show delivery instructions" aria-expanded="false"><i class="ld ld-ChevronDown" style="font-size: 1.5rem; vertical-align: -0.25em; width: 1.5rem; height: 1.5rem; box-sizing: content-box;"></i></button></div></div><hr aria-hidden="true" class="w_8Gn9 mb3-m"></div></div><div class="bill-order-payment-cards"><div class="flex justify-between"><h2 class="w_kV33 w_Sl3f w_mvVb dn db-m pb2-m bill-order-payment-header f5 f4-m lh-copy">Payment method</h2><div class="dn db-m"></div></div><div class="ph3 pb2 ph0-m pb0-m bill-order-payment-info"><div class="w_0Uhy w_QddF dn-m bill-order-payment-list"><div class="w_HmLO bill-order-payment-card flex-row"><div class="flex fex-row justify-between mb3"><h2 class="w_kV33 w_Sl3f w_mvVb dn-m pb2-m bill-order-payment-header-mobile f5 f4-m lh-copy"><i class="ld ld-Wallet mr2" aria-hidden="true" style="font-size: 1.5rem; vertical-align: -0.25em; width: 1.5rem; height: 1.5rem; box-sizing: content-box;"></i>Payment method</h2></div><div><div class="flex items-center"><img loading="eager" src="./order_files/k2-_4471e6bc-c44d-4b42-a9e1-708119f065cd.v1.svg" data-qm-exclude="true" alt="Visa" height="16" width="24" class="mr2" aria-hidden="false"><span class="w_U9_0 w_sD6D w_QcqU b mid-gray truncate" data-qm-mask="true">Ending in 1355</span><span class="w_U9_0 w_sD6D w_QcqU tr flex-auto"><div>$92.93</div></span></div><div class="mt3 f6 mid-gray"><span><span class="mr1"><span>Your payment method has a temporary hold for $96.75. An updated charge will appear on your statement within 10 business days.</span></span></span></div></div></div></div><div class="dn db-m bill-order-payment-card"><div><div class="flex items-center"><img loading="eager" src="./order_files/k2-_4471e6bc-c44d-4b42-a9e1-708119f065cd.v1.svg" data-qm-exclude="true" alt="Visa" height="16" width="24" class="mr2" aria-hidden="false"><span class="w_U9_0 w_sD6D w_QcqU b mid-gray truncate" data-qm-mask="true">Ending in 1355</span><span class="w_U9_0 w_sD6D w_QcqU tr flex-auto"><div>$92.93</div></span></div><div class="mt3 f6 mid-gray"><span><span class="mr1"><span>Your payment method has a temporary hold for $96.75. An updated charge will appear on your statement within 10 business days.</span></span></span></div></div></div></div><div class="mv3 bill-order-payment-divider"><hr aria-hidden="true" class="w_8Gn9"></div></div><div class="mh3 mh0-m bill-order-payment-spacing"><div class="flex justify-between pb3 bill-order-payment-subtotal"><h2 class="w_kV33 w_Sl3f w_mvVb f5 f4-m lh-copy">Subtotal</h2><span class="w_U9_0 w_U0S3 w_QcqU">$91.11</span></div><hr aria-hidden="true" class="w_8Gn9"><div class="pv3"><div tabindex="0" class="flex justify-between pt1"><span class="w_iUH7">Walmart+ Free delivery from store , was $7.95, now $0</span><div class="pr3 flex items-center"><img loading="lazy" class="mr1" src="./order_files/wplus-icon-blue.svg" alt="Walmart+" width="16" height="16" aria-hidden="true"><span class="w_U9_0 w_sD6D w_fJSx blue" aria-hidden="true">Free delivery from store&nbsp;</span></div><div class="flex justify-between items-end"><span class="w_U9_0 w_sD6D w_QcqU strike" aria-hidden="true">$7.95</span><span class="w_U9_0 w_sD6D w_QcqU ml2" aria-hidden="true">$0</span></div></div></div><hr aria-hidden="true" class="w_8Gn9"><div class="flex justify-between pv3"><h2 class="w_kV33 w_Sl3f w_mvVb f5 f4-m lh-copy">Tax</h2><span class="w_U9_0 w_U0S3 w_QcqU">$1.82</span></div><hr aria-hidden="true" class="w_8Gn9"><div class="flex justify-between pv3 bill-order-total-payment"><h2 class="w_kV33 w_LD4J w_mvVb f5 f4-m lh-copy">Total</h2><h2 class="w_kV33 w_LD4J w_mvVb f5 f4-m lh-copy">$92.93</h2></div><div class="od-print-view flex flex-column pt3 pb4 pb0-m"><hr aria-hidden="true" class="w_8Gn9 dn db-m mb3"><span class="w_U9_0 w_sD6D w_QcqU pb1">Order# 2000110-54626160</span><div class="print-barcode"><img loading="lazy" src="./order_files/barcode" alt="Barcode" class="h4 w-100" width="100" height="100"></div></div></div><hr aria-hidden="true" class="w_8Gn9 dn-m bill-order-payment-divider"><div class="dn db-m od-print-view"><div class="flex-m flex-row-reverse-m justify-around-m flex-wrap-m"><div class="dib-m ph3 pb3 ph0-m pb0-m pt4-m"><button class="w_hhLG w_8nsR w_lgOn w_jDfj" type="button" aria-label="Reorder All, Delivered on Jun 25, Delivery from store, 35 items">Reorder all</button></div></div></div></div></div></div></div><div id="tempoModules"></div></div></div></section></main></div></div><span><footer class="db pt5-hdkp footer-wrapper lh-copy relative z-0"><section><div class="tc ph3 pb4 pt3 bw2 bt-0 bl-0 br-0 b--solid b--near-white mb5-hdkp pa0-hdkp pv1-hdkp b--none-hdkp"><p class="f5 mt0">We’d love to hear what you think!</p><button class="w_hhLG w_XK4d w_jDfj" type="button">Give feedback</button></div></section><section><ul class="list ma0 mt3 ph3 pt1 ma0-hdkp ph4-hdkp pb4-hdkp pt3-hdkp flex-hdkp flex-wrap-hdkp justify-center-hdkp footer-list" data-testid="responsive-footer-list"><li><a link-identifier="All Departments" class="f6 no-underline mb3 ma0-hdkp footer-link mr4-hdkp db" href="https://www.walmart.com/all-departments">All Departments</a></li><li><a link-identifier="Store Directory" class="f6 no-underline mb3 ma0-hdkp footer-link mr4-hdkp db" aria-label="Store Directory - opens in a new window" target="_blank" rel="noopener noreferrer" href="https://www.walmart.com/store/directory">Store Directory</a></li><li><a link-identifier="Careers" href="https://careers.walmart.com/" class="f6 no-underline mb3 ma0-hdkp footer-link mr4-hdkp db" aria-label="Careers - opens in a new window" target="_blank" rel="noopener noreferrer">Careers</a></li><li><a link-identifier="Our Company" href="https://corporate.walmart.com/" class="f6 no-underline mb3 ma0-hdkp footer-link mr4-hdkp db" aria-label="Our Company - opens in a new window" target="_blank" rel="noopener noreferrer">Our Company</a></li><li><a link-identifier="Sell on Walmart.com" href="https://marketplace.walmart.com/?utm_source=Walmart.com&amp;utm_medium=link&amp;utm_campaign=footer" class="f6 no-underline mb3 ma0-hdkp footer-link mr4-hdkp db" aria-label="Sell on Walmart.com - opens in a new window" target="_blank" rel="noopener noreferrer">Sell on Walmart.com</a></li><li><a link-identifier="Help" class="f6 no-underline mb3 ma0-hdkp footer-link mr4-hdkp db" href="https://www.walmart.com/help">Help</a></li><li><a link-identifier="COVID-19 Vaccine Scheduler" href="https://www.walmart.com/cp/flu-shots-immunizations/1228302" class="f6 no-underline mb3 ma0-hdkp footer-link mr4-hdkp db">COVID-19 Vaccine Scheduler</a></li><li><a link-identifier="Product Recalls" href="https://corporate.walmart.com/recalls" class="f6 no-underline mb3 ma0-hdkp footer-link mr4-hdkp db" aria-label="Product Recalls - opens in a new window" target="_blank" rel="noopener noreferrer">Product Recalls</a></li><li><a link-identifier="Accessibility" href="https://www.walmart.com/help/article/responsible-disclosure-and-accessibility-policies/0f173dab8bd942da84b1cd7ab5ffc3cb" class="f6 no-underline mb3 ma0-hdkp footer-link mr4-hdkp db" aria-label="Accessibility - opens in a new window" target="_blank" rel="noopener noreferrer">Accessibility</a></li><li><a link-identifier="Tax Exempt Program" href="https://www.walmart.com/taxexempt/" class="f6 no-underline mb3 ma0-hdkp footer-link mr4-hdkp db" aria-label="Tax Exempt Program - opens in a new window" target="_blank" rel="noopener noreferrer">Tax Exempt Program</a></li><li><a link-identifier="Get the Walmart App" href="https://walmart.onelink.me/UIev?pid=walmart.com&amp;af_web_dp=https%3A%2F%2Fwww.walmart.com%2Fcp%2Fwalmart-mobile-app%2F1087865&amp;c=Walmart.com%20Site%20Footer&amp;af_dp=walmart%3A%2F%2F" class="f6 no-underline mb3 ma0-hdkp footer-link mr4-hdkp db">Get the Walmart App</a></li><li><a link-identifier="Sign-up for Email" href="https://www.walmart.com/cp/email-opt-in/8196352?gbo=1" class="f6 no-underline mb3 ma0-hdkp footer-link mr4-hdkp db">Sign-up for Email</a></li><li><a link-identifier="Safety Data Sheet" href="http://msds.walmartstores.com/" class="f6 no-underline mb3 ma0-hdkp footer-link mr4-hdkp db">Safety Data Sheet</a></li><li><a link-identifier="Terms of Use" class="f6 no-underline mb3 ma0-hdkp footer-link mr4-hdkp db" href="https://www.walmart.com/help/article/walmart-com-terms-of-use/3b75080af40340d6bbd596f116fae5a0">Terms of Use</a></li><li><a link-identifier="Privacy &amp; Security" href="https://corporate.walmart.com/privacy-security" class="f6 no-underline mb3 ma0-hdkp footer-link mr4-hdkp db" aria-label="Privacy &amp; Security - opens in a new window" target="_blank" rel="noopener noreferrer">Privacy &amp; Security</a></li><li><a link-identifier="CA Privacy Rights" href="https://corporate.walmart.com/privacy-security/california-privacy-rights" class="f6 no-underline mb3 ma0-hdkp footer-link mr4-hdkp db" aria-label="CA Privacy Rights - opens in a new window" target="_blank" rel="noopener noreferrer">CA Privacy Rights</a></li><li><a link-identifier="California Supply Chain Act" href="https://corporate.walmart.com/california-transparency" class="f6 no-underline mb3 ma0-hdkp footer-link mr4-hdkp db" aria-label="California Supply Chain Act - opens in a new window" target="_blank" rel="noopener noreferrer">California Supply Chain Act</a></li><li><a link-identifier="Your Privacy Choices" href="https://www.walmart.com/account/api/ccpa-intake?native=false&amp;app=gm&amp;type=sod" class="f6 no-underline mb3 ma0-hdkp footer-link mr4-hdkp flex items-center" aria-label="Your Privacy Choices - opens in a new window" target="_blank" rel="noopener noreferrer"><img loading="lazy" width="29" height="14" src="./order_files/k2-_67001355-c576-4ca2-989d-260a2673c41a.v1.png" alt="Privacy choices icon" class="mr1">Your Privacy Choices</a></li><li><a link-identifier="Request My Personal Information" href="https://www.walmart.com/account/api/ccpa-intake?native=false&amp;app=gm&amp;type=access" class="f6 no-underline mb3 ma0-hdkp footer-link mr4-hdkp db" aria-label="Request My Personal Information - opens in a new window" target="_blank" rel="noopener noreferrer">Request My Personal Information</a></li><li><a link-identifier="#IYWYK" href="https://www.walmart.com/cp/walmart-in-the-know/7781927" class="f6 no-underline mb3 ma0-hdkp footer-link db">#IYWYK</a></li></ul><div class="f7 lh-title mt6 pb5 ph3 pt1 tc-hdkp pa0-hdkp pt2-hdkp ma0-hdkp pb5-hdkp footer-copyright">© 2023 Walmart. All Rights Reserved.</div></section></footer></span> </div></div></div><div aria-live="assertive"></div></div><script id="__NEXT_DATA__" type="application/json" nonce="">{"props":{"pageProps":{"initialTempoData":{"data":{"contentLayout":{"modules":[{"name":"V1 - GridPOV Banners Module - 6.26.23 (Bottom Left - Small Banner - 385x216) - Party supplies from $2","type":"GridPOVBanners","version":2,"status":"published","publishedDate":1687791644031,"moduleId":"8a03c810-6b30-4084-b630-4b047a619fbd","module_id":"8a03c810-6b30-4084-b630-4b047a619fbd","schedule":{"start":null,"end":null,"priority":1,"expEnabled":false},"triggers":[{"pageType":"GlassHomePageDesktopV1","pageId":null,"zone":"contentZone9","inheritable":false}],"matchedTrigger":{"pageType":"GlassHomePageDesktopV1","pageId":null,"zone":"contentZone9","inheritable":false},"configs":{"__typename":"TempoWM_GLASSWWWGridPOVBannersConfigsV1","bannerSize":"smallBanner","ad":null,"largeBanner":null,"mediumBanner":null,"smallBanner":{"athenaEnabled":null,"backgroundColor":"#FFFFFF","ctaLink":{"link":{"clickThrough":{"value":"/shop/deals/Newegg-Exclusive?athcpid=d22850f9-df27-4c99-aa33-212af6792e18\u0026athpgid=AthenaGlassHomePageDesktopV1\u0026athznid=athenaModuleZone\u0026athmtid=AthenaGridPOVBanners\u0026athtvid=3\u0026athena=true\u0026athstid=CS021%7CCS041\u0026athftid=P0900\u0026athguid=z-cICl4GVVjJZgil1rq2AD6My_dgl5CGcYnO"},"linkText":"Shop now","title":"Shop now","uid":"GqhAFuJ4"},"isHidden":"False","textColor":"#041E42"},"filterType":null,"heading":{"text":"Up to $500 off electronics","textColor":"#041E42","textFontSize":"large","textFontWeight":"bold"},"image":{"alt":"View Newegg products and get up to five-hundred dollars off","src":"https://i5.walmartimages.com/dfw/4ff9c6c9-154e/k2-_71bf17da-b680-4d66-a9ad-750f802d5f26.v1.jpg","assetId":"19ea3db5-5085-4ffe-a294-2e15c5b8f02b","assetName":"3035839-085-ETS-Newegg-4D-Grid-Small-Banner-1.jpg","uid":"csXvvFCm"},"moduleList":null,"textAlignment":"topLeft","textSpan":"vertical","uid":"JX3rW9DR"},"tallBanner":null}},{"name":"V1 - GridPOV Banners Module - 6.26.23 (Middle Left - Tall Banner - 385x578)  - Ads - Yes / FS1 / Client - Yes) - Pool days are cool days","type":"GridPOVBanners","version":1,"status":"published","publishedDate":1687191768286,"moduleId":"d8184616-dc05-4aa6-bf23-ddb4d80319ed","module_id":"d8184616-dc05-4aa6-bf23-ddb4d80319ed","schedule":{"start":"2023-06-26T15:00Z","end":null,"priority":1,"expEnabled":false},"triggers":[{"pageType":"GlassHomePageDesktopV1","pageId":null,"zone":"contentZone7","inheritable":false}],"matchedTrigger":{"pageType":"GlassHomePageDesktopV1","pageId":null,"zone":"contentZone7","inheritable":false},"configs":{"__typename":"TempoWM_GLASSWWWGridPOVBannersConfigsV1","bannerSize":"tallBanner","ad":null,"largeBanner":null,"mediumBanner":null,"smallBanner":null,"tallBanner":{"adsEnabled":"True","adCardLocation":"fs1","enableLazyLoad":"True","athenaEnabled":"False","backgroundColor":"#041E42","ctaLink":{"link":{"clickThrough":{"value":"/shop/deals/pools-and-spas"},"linkText":"Shop now","title":"Shop now","uid":"j28FOP0Q"},"isHidden":"False","textColor":"#FFFFFF"},"filterType":null,"heading":{"text":"Pool days are cool days","textColor":"#FFFFFF","textFontSize":"medium","textFontWeight":"bold"},"image":{"alt":"Pool days are cool days. Shop now","src":"https://i5.walmartimages.com/dfw/4ff9c6c9-a938/k2-_532f4e38-e007-479b-894d-7282672dec74.v1.jpg","assetId":"9162118b-ef22-4729-9588-03f0073f712a","assetName":"3035839-005-HARD-PoolSavings-3D-Grid-Tall-Banner-1.jpg","uid":"wFVVbVVM"},"moduleList":null,"textAlignment":"topLeft","textSpan":"horizontal","uid":"QKPN1G03"}}},{"name":"AB Test - Try it for free - New Walmart Plus Banner V1 Module - 5.16.23","type":"WalmartPlusBannerV1","version":3,"status":"published","publishedDate":1687213197658,"moduleId":"f746b021-5e85-4b92-9158-1601a70caa2a","module_id":"f746b021-5e85-4b92-9158-1601a70caa2a","schedule":{"start":null,"end":null,"priority":1234,"expEnabled":true},"triggers":[{"pageType":"GlassHomePageDesktopV1","pageId":null,"zone":"contentZone17","inheritable":false}],"matchedTrigger":{"pageType":"GlassHomePageDesktopV1","pageId":null,"zone":"contentZone17","inheritable":false},"configs":{"__typename":"TempoWM_GLASSWWWWalmartPlusBannerV1Configs","backgroundColor":"#FFC220","moduleList":["0225f1c2-ed2f-4387-bfcf-4ef67aadda29","62d5cb04-242d-4192-8cc6-46789adf90bb","39bff2fe-5763-4048-996a-1771d2e3845e","b85574ab-6349-4cad-baf3-490883c68f54","453b140d-4103-417a-a451-ff6561aa6c89","ae3b8c14-c6b3-4da3-a06a-4d06dafd7007","01778196-426f-4484-af15-46c924d0b15e","1e02dd16-fc48-411b-aaa0-04003a6b5b42"],"wPlusFilterType":"whitelist","wPlusTextSpan":"vertical","wPlusTextAlignment":"centeredLeft","desktopImage":{"title":"WPLUS-HP-Banner-MAR-UPDATED-D-Yellow-794x216","alt":"Walmart Plus","assetId":"ecdfe711-9a47-4a70-8785-8783131ca738","assetName":"WPLUS-HP-Banner-MAR-UPDATED-D-Yellow-794x216.jpg","clickThrough":null,"contentType":"image/jpg","height":"216","size":"23870","src":"https://i5.walmartimages.com/dfw/4ff9c6c9-755e/k2-_7e595912-3e73-4fa3-b597-908924dac597.v1.jpg","uid":"m5ba1GZw","width":"794"},"mobileImage":{"title":"WPLUS-HP-Banner-MAR-UPDATED-M-868x375","alt":"Walmart Plus","assetId":"985359ec-7ff0-4a4f-a030-e892302860af","assetName":"WPLUS-HP-Banner-MAR-UPDATED-M-868x375.jpg","clickThrough":null,"contentType":"image/jpg","height":"375","size":"32563","src":"https://i5.walmartimages.com/dfw/4ff9c6c9-a638/k2-_8ee9bad3-02bb-4095-b917-07dbd5b4dcf3.v1.jpg","uid":"vCLVfg7U","width":"868"},"wPlusHeading":{"text":"Enjoy blockbuster movies, live sports, \u0026 more with your included Paramount+ subscription.","textFontSize":"medium","textFontWeight":"regular","textColor":"#041E42"},"wPlusSubheading":{"text":"Terms apply.","textFontWeight":"regular","textFontSize":"small","textColor":"#041E42"},"primaryCtaGroup":{"primaryCta":{"title":"Get started","linkText":"Get started","uid":"9cahjwIV","clickThrough":{"rawValue":"https://www.walmart.com/plus/program?benefitName=paramount-video-streaming\u0026programId=paramountplus22?povid=wpl_ret_hpbanner_pplus_unlinked","tag":null,"type":"url","value":"https://www.walmart.com/plus/program?benefitName=paramount-video-streaming\u0026programId=paramountplus22?povid=wpl_ret_hpbanner_pplus_unlinked\u0026athcpid=1e02dd16-fc48-411b-aaa0-04003a6b5b42\u0026athpgid=AthenaGlassHomePageDesktopV1\u0026athznid=athenaModuleZone\u0026athmtid=AthenaWalmartPlusBannerV1\u0026athtvid=10\u0026athena=true\u0026athstid=CS100\u0026athguid=z-cICl4GVVjJZgil1rq2AD6My_dgl5CGcYnO\u0026athwpid=1"}},"textColor":"#2e2f32"},"secondaryCtaGroup":null}},{"name":"V1 -  DWeb Gallery Display Ad Module - 1.24.23 (Client - Yes)","type":"GalleryDisplayAd","version":8,"status":"published","publishedDate":1676069560117,"moduleId":"868e3f1f-b7d2-4ad5-9cb0-9360ec145ace","module_id":"868e3f1f-b7d2-4ad5-9cb0-9360ec145ace","schedule":{"start":null,"end":null,"priority":1,"expEnabled":false},"triggers":[{"pageType":"GlassHomePageDesktopV1","pageId":null,"zone":"contentZone40","inheritable":false}],"matchedTrigger":{"pageType":"GlassHomePageDesktopV1","pageId":null,"zone":"contentZone40","inheritable":false},"configs":{"__typename":"TempoWM_GLASSWWWGalleryDisplayAdConfigs","_rawConfigs":{"title":"Brands for you","moduleLocation":"galleryMiddle","lazy":"2000"}}},{"name":"V1 - GridPOV Banners Module - 5.14.23 (Bottom Right - Tall Banner - 385x578) - Up to 65 off","type":"GridPOVBanners","version":1,"status":"published","publishedDate":1683730206698,"moduleId":"ac3d6dfb-f9a4-4c71-8df1-6a6396491e0d","module_id":"ac3d6dfb-f9a4-4c71-8df1-6a6396491e0d","schedule":{"start":"2023-05-14T19:00Z","end":null,"priority":1,"expEnabled":false},"triggers":[{"pageType":"GlassHomePageDesktopV1","pageId":null,"zone":"contentZone15","inheritable":false}],"matchedTrigger":{"pageType":"GlassHomePageDesktopV1","pageId":null,"zone":"contentZone15","inheritable":false},"configs":{"__typename":"TempoWM_GLASSWWWGridPOVBannersConfigsV1","bannerSize":"tallBanner","ad":null,"largeBanner":null,"mediumBanner":null,"smallBanner":null,"tallBanner":{"adsEnabled":"False","adCardLocation":null,"enableLazyLoad":null,"athenaEnabled":"False","backgroundColor":"#FFFFFF","ctaLink":{"link":{"clickThrough":{"value":"/shop/deals/flash-picks"},"linkText":"Shop now","title":"Shop now","uid":"xLG7CDja"},"isHidden":"False","textColor":"#041E42"},"filterType":null,"heading":{"text":"Up to 65% off","textColor":"#041E42","textFontSize":"small","textFontWeight":"bold"},"image":{"alt":"Flash Deals. Limited time and online only. Up to sixty-five percent off. Shop now.","src":"https://i5.walmartimages.com/dfw/4ff9c6c9-e703/k2-_04fe4d37-4282-43d9-9224-bdc382ef9ee0.v1.jpg","assetId":"b01c730f-a80d-4b83-bc49-50827f664921","assetName":"2722903-113-XCAT-FlashDeals-10D-Grid-Large-Banner-2.jpg","uid":"wmJ9ELf7"},"moduleList":null,"textAlignment":"topLeft","textSpan":"horizontal","uid":"nhlmsOHL"}}},{"name":"V1 - GridPOV Banners Module - 6.26.23 (Bottom Right - Tall Banner - 385x578) - Save on new rides from $198","type":"GridPOVBanners","version":2,"status":"published","publishedDate":1687791914602,"moduleId":"24192012-6d66-445d-9fd2-a059efffab4a","module_id":"24192012-6d66-445d-9fd2-a059efffab4a","schedule":{"start":null,"end":null,"priority":1,"expEnabled":false},"triggers":[{"pageType":"GlassHomePageDesktopV1","pageId":null,"zone":"contentZone23","inheritable":false}],"matchedTrigger":{"pageType":"GlassHomePageDesktopV1","pageId":null,"zone":"contentZone23","inheritable":false},"configs":{"__typename":"TempoWM_GLASSWWWGridPOVBannersConfigsV1","bannerSize":"tallBanner","ad":null,"largeBanner":null,"mediumBanner":null,"smallBanner":null,"tallBanner":{"adsEnabled":null,"adCardLocation":null,"enableLazyLoad":null,"athenaEnabled":null,"backgroundColor":"#FFFFFF","ctaLink":{"link":{"clickThrough":{"value":"/shop/deals/all-home/luggage?athcpid=9dbd23ac-e148-4859-923b-17f63bfc0e71\u0026athpgid=AthenaGlassHomePageDesktopV1\u0026athznid=athenaModuleZone\u0026athmtid=AthenaGridPOVBanners\u0026athtvid=1\u0026athena=true\u0026athstid=CS021%7CCS041\u0026athftid=P0900\u0026athguid=z-cICl4GVVjJZgil1rq2AD6My_dgl5CGcYnO"},"linkText":"Shop now","title":"Shop now","uid":"v0fSKuqi"},"isHidden":"False","textColor":"#041E42"},"filterType":null,"heading":{"text":"300+ savings on summer travel","textColor":"#041E42","textFontSize":"medium","textFontWeight":"bold"},"image":{"alt":"Camp out with top brands. Shop now.","src":"https://i5.walmartimages.com/dfw/4ff9c6c9-2503/k2-_1ecf9bc8-56a0-40c6-a5ad-0b1a56534ebd.v1.jpg","assetId":"bf6e0495-0092-4b65-8673-b76162dab6c6","assetName":"3035839-089-HOME-LuggageEvent-9D-Grid-Tall-Banner-1.jpg","uid":"dnTY8Mvr"},"moduleList":null,"textAlignment":"topLeft","textSpan":"horizontal","uid":"k6roWNmC"}}},{"name":"V1 - GridPOV Banners Module - 6.26.23 (Middle Center - Large Banner - 385x388) - Celebrate in style","type":"GridPOVBanners","version":1,"status":"published","publishedDate":1687192495103,"moduleId":"4c57f74e-7ae8-4032-8600-a9b8f3423e80","module_id":"4c57f74e-7ae8-4032-8600-a9b8f3423e80","schedule":{"start":"2023-06-26T15:00Z","end":null,"priority":0,"expEnabled":false},"triggers":[{"pageType":"GlassHomePageDesktopV1","pageId":null,"zone":"contentZone14","inheritable":false}],"matchedTrigger":{"pageType":"GlassHomePageDesktopV1","pageId":null,"zone":"contentZone14","inheritable":false},"configs":{"__typename":"TempoWM_GLASSWWWGridPOVBannersConfigsV1","bannerSize":"largeBanner","ad":null,"largeBanner":{"athenaEnabled":null,"backgroundColor":"#FFFFFF","ctaLink":{"link":{"clickThrough":{"value":"/shop/deals/clothing-and-accessories?athcpid=dec733ee-a622-443b-a1ff-27b34b5a3546\u0026athpgid=AthenaGlassHomePageDesktopV1\u0026athznid=athenaModuleZone\u0026athmtid=AthenaGridPOVBanners\u0026athtvid=3\u0026athena=true\u0026athstid=CS021%7CCS041\u0026athftid=P0200\u0026athguid=z-cICl4GVVjJZgil1rq2AD6My_dgl5CGcYnO"},"linkText":"Shop now","title":"Shop now","uid":"9C0eE9bO"},"isHidden":"False","textColor":"#041E42"},"filterType":null,"heading":{"text":"Rollbacks \u0026 more from $13","textColor":"#041E42","textFontSize":"small","textFontWeight":"bold"},"image":{"alt":"Rollbacks \u0026 more from thirteen dollars. Shop now","src":"https://i5.walmartimages.com/dfw/4ff9c6c9-583b/k2-_2d022d71-1cd5-4f71-8613-aa0ff936ca08.v1.jpg","assetId":"ac31fc4d-5446-4c6b-98aa-e7e6224a344f","assetName":"2864010-011-XCAT-Rollbacks-5D-Grid-Large-Banner-1-Jumpstart-Your-cart.jpg","uid":"Ls9xUl9D"},"moduleList":null,"textAlignment":"topLeft","textSpan":"vertical","uid":"y1pfArTi"},"mediumBanner":null,"smallBanner":null,"tallBanner":null}},{"name":"V1 - GridPOV Banners Module - 6.26.23 (Middle Right - Medium Banner - 385x256) - (Ads - Yes / FS3 / Client - Yes) - Table settings, served!","type":"GridPOVBanners","version":4,"status":"published","publishedDate":1687358287129,"moduleId":"c9d8a57c-fb29-47f8-8a7d-e69eb19cdfaf","module_id":"c9d8a57c-fb29-47f8-8a7d-e69eb19cdfaf","schedule":{"start":"2023-06-26T15:00Z","end":null,"priority":1,"expEnabled":false},"triggers":[{"pageType":"GlassHomePageDesktopV1","pageId":null,"zone":"contentZone21","inheritable":false}],"matchedTrigger":{"pageType":"GlassHomePageDesktopV1","pageId":null,"zone":"contentZone21","inheritable":false},"configs":{"__typename":"TempoWM_GLASSWWWGridPOVBannersConfigsV1","bannerSize":"mediumBanner","ad":null,"largeBanner":null,"mediumBanner":{"adsEnabled":"True","adCardLocation":"fs3","enableLazyLoad":"True","athenaEnabled":"False","backgroundColor":"#041E42","ctaLink":{"link":{"clickThrough":{"value":"/shop/outdoor-dining"},"linkText":"Shop now","title":"Shop now","uid":"mHHO2IEG"},"isHidden":"False","textColor":"#FFFFFF"},"filterType":null,"heading":{"text":"Table settings, served!","textColor":"#FFFFFF","textFontSize":"small","textFontWeight":"bold"},"image":{"alt":"View table settings","src":"https://i5.walmartimages.com/dfw/4ff9c6c9-1a4b/k2-_3eb05727-563c-4dce-8d11-9cb646e36662.v1.jpg","assetId":"af89ec8e-7864-404f-9318-b7015d9f5dc9","assetName":"3035839-015-HOME-JulyTable-8D-Grid-Medium-Banner-2.jpg","uid":"CvXrepMJ"},"moduleList":null,"textAlignment":"topLeft","textSpan":"vertical","uid":"AN2Do5a0"},"smallBanner":null,"tallBanner":null}},{"name":"V1 - GridPOV Banners Module - 6.26.23 (Top Right - Small Banner - 385x216) - Be cool \u0026 on budget","type":"GridPOVBanners","version":3,"status":"published","publishedDate":1687791820169,"moduleId":"16b64952-f820-4b20-b1ee-42c9011878c2","module_id":"16b64952-f820-4b20-b1ee-42c9011878c2","schedule":{"start":null,"end":null,"priority":1,"expEnabled":false},"triggers":[{"pageType":"GlassHomePageDesktopV1","pageId":null,"zone":"contentZone19","inheritable":false}],"matchedTrigger":{"pageType":"GlassHomePageDesktopV1","pageId":null,"zone":"contentZone19","inheritable":false},"configs":{"__typename":"TempoWM_GLASSWWWGridPOVBannersConfigsV1","bannerSize":"smallBanner","ad":null,"largeBanner":null,"mediumBanner":null,"smallBanner":{"athenaEnabled":null,"backgroundColor":"#FFFFFF","ctaLink":{"link":{"clickThrough":{"value":"https://www.walmart.com/cp/mission-impossible/1791530?athcpid=7fee779f-80b1-432d-be50-bcbc21132505\u0026athpgid=AthenaGlassHomePageDesktopV1\u0026athznid=athenaModuleZone\u0026athmtid=AthenaGridPOVBanners\u0026athtvid=7\u0026athena=true\u0026athstid=CS021%7CCS041\u0026athftid=P0330\u0026athguid=z-cICl4GVVjJZgil1rq2AD6My_dgl5CGcYnO"},"linkText":"Buy tickets now","title":"Buy tickets now","uid":"gg0joS9t"},"isHidden":"False","textColor":"#041E42"},"filterType":null,"heading":{"text":"See it 3 days early!","textColor":"#041E42","textFontSize":"large","textFontWeight":"bold"},"image":{"alt":"Mission impossible seven. See it three days early. Buy tickets now","src":"https://i5.walmartimages.com/dfw/4ff9c6c9-4fb0/k2-_1ea472b1-a7fe-41eb-9553-fea1c6a0393d.v1.jpg","assetId":"73c9555c-c943-45e4-bc01-0e6ea98e70b9","assetName":"2983679-102-ETS-MissionImpossible7-7D-Grid-Small-Banner-2.jpg","uid":"llwI3kU5"},"moduleList":null,"textAlignment":"bottomLeft","textSpan":"horizontal","uid":"Zf0qFNO5"},"tallBanner":null}},{"name":"V1 - GridPOV Banners Module - 6.26.23 (Top left - Medium Banner - 385x256) - Ads - Yes / FS2 / Client - Yes) - Backyard game time","type":"GridPOVBanners","version":2,"status":"published","publishedDate":1687205282304,"moduleId":"4522bc90-d888-4e97-b6d9-a14d517c42cb","module_id":"4522bc90-d888-4e97-b6d9-a14d517c42cb","schedule":{"start":"2023-06-26T15:00Z","end":null,"priority":1,"expEnabled":false},"triggers":[{"pageType":"GlassHomePageDesktopV1","pageId":null,"zone":"contentZone5","inheritable":false}],"matchedTrigger":{"pageType":"GlassHomePageDesktopV1","pageId":null,"zone":"contentZone5","inheritable":false},"configs":{"__typename":"TempoWM_GLASSWWWGridPOVBannersConfigsV1","bannerSize":"mediumBanner","ad":null,"largeBanner":null,"mediumBanner":{"adsEnabled":"True","adCardLocation":"fs2","enableLazyLoad":"True","athenaEnabled":"False","backgroundColor":"#041E42","ctaLink":{"link":{"clickThrough":{"value":"/shop/deals/toys/outdoor-play"},"linkText":"Shop now","title":"Shop now","uid":"rVHY63R_"},"isHidden":"False","textColor":"#FFFFFF"},"filterType":null,"heading":{"text":"Backyard game time","textColor":"#FFFFFF","textFontSize":"small","textFontWeight":"bold"},"image":{"alt":"View backyard games ","src":"https://i5.walmartimages.com/dfw/4ff9c6c9-821e/k2-_c03afb2e-baab-406f-b55a-b7edbed408a8.v1.jpg","assetId":"b8880ba3-fed1-4c58-b187-3d7a2617af1f","assetName":"3035839-003-HARD-OutdoorGames-2D-Grid-Medium-Banner-1.jpg","uid":"X7Tgc5gN"},"moduleList":null,"textAlignment":"topLeft","textSpan":"vertical","uid":"DLspNHry"},"smallBanner":null,"tallBanner":null}},{"name":"V1 - GridPOV HeroPOV Banner Module - Desktop - 6.26.23 (Top Center - 794x447) (Static) - July 4th prep","type":"GridHeroPOVBanner","version":1,"status":"published","publishedDate":1687461836769,"moduleId":"24de7ab1-3185-44e1-a1f9-77e45308f3eb","module_id":"24de7ab1-3185-44e1-a1f9-77e45308f3eb","schedule":{"start":"2023-06-26T15:00Z","end":null,"priority":1,"expEnabled":false},"triggers":[{"pageType":"GlassHomePageDesktopV1","pageId":null,"zone":"contentZone11","inheritable":false}],"matchedTrigger":{"pageType":"GlassHomePageDesktopV1","pageId":null,"zone":"contentZone11","inheritable":false},"configs":{"__typename":"TempoWM_GLASSWWWGridHeroPOVBannerConfigsV1","athenaEnabled":"False","backgroundColor":"#041E42","heroEyebrow":{"text":"Delivery as soon as today","textColor":"#FFFFFF","textFontSize":"medium","textFontWeight":"regular"},"heroHeading":{"text":"July 4th prep","textColor":"#FFFFFF","textFontSize":"medium","textFontWeight":"regular"},"enableCta":"True","isCtaHidden":"False","heroPrimaryCtaGroup":{"primaryCta":{"linkText":"Shop all","title":"Shop all","clickThrough":{"type":"url","value":"/shop/summer-gathering","rawValue":"/shop/summer-gathering"},"uid":"WAYki4Q2"},"primaryCtaStyle":"pill","textFontSize":"large","textColor":"#041E42"},"heroSecondaryCtaGroup":null,"heroFilterType":null,"image":{"alt":"Delivery as soon as today. View July fourth prep","src":"https://i5.walmartimages.com/dfw/4ff9c6c9-b814/k2-_eaa47a5a-b0e9-43c2-8a14-293b690b5535.v1.jpg","assetId":"2d533a2f-9bd4-4c2f-9ca2-1833ed326346","assetName":"3035839-001-XCAT-JulyFourth-1D-Hero-POV.jpg","uid":"0jcFIy6p"},"moduleList":null,"heroTextAlignment":"topLeft","heroTextSpan":"vertical","uid":null,"legalDisclosure":null}}],"layouts":[{"id":"homePageRedesign","layout":{"type":"homePageRedesign","name":"Home Page-Redesign","definition":{"type":"container","flow":"vertical","content":[{"type":"container","flow":"horizontal","content":{"type":"slot","id":"topContent","mapping":[{"type":"ZONE","options":{"refId":"contentZone1"}},{"type":"ZONE","options":{"refId":"contentZone2"}},{"type":"ZONE","options":{"refId":"contentZone3"}},{"type":"ZONE","options":{"refId":"contentZone4"}}]}},{"type":"container","flow":"horizontal","content":[{"type":"container","flow":"vertical","style":{"gridColumns":3},"content":{"type":"slot","id":"leftContent","mapping":[{"type":"ZONE","options":{"refId":"contentZone5"}},{"type":"ZONE","options":{"refId":"contentZone6"}},{"type":"ZONE","options":{"refId":"contentZone7"}},{"type":"ZONE","options":{"refId":"contentZone8"}},{"type":"ZONE","options":{"refId":"contentZone9"}},{"type":"ZONE","options":{"refId":"contentZone10"}}]}},{"type":"container","flow":"vertical","style":{"gridColumns":6},"content":[{"type":"container","flow":"vertical","style":{"gridColumns":6},"content":{"type":"slot","id":"centerTopContent","mapping":[{"type":"ZONE","options":{"refId":"contentZone11"}},{"type":"ZONE","options":{"refId":"contentZone12"}}]}},{"type":"container","flow":"horizontal","style":{"gridColumns":6},"content":[{"type":"container","flow":"vertical","style":{"gridColumns":6},"content":[{"type":"container","flow":"vertical","style":{"gridColumns":6},"content":{"type":"slot","id":"centerLeftContent","mapping":[{"type":"ZONE","options":{"refId":"contentZone13"}},{"type":"ZONE","options":{"refId":"contentZone14"}}]}}]},{"type":"container","flow":"vertical","style":{"gridColumns":6},"content":[{"type":"container","flow":"vertical","style":{"gridColumns":6},"content":{"type":"slot","id":"centerRightContent","mapping":[{"type":"ZONE","options":{"refId":"contentZone15"}},{"type":"ZONE","options":{"refId":"contentZone16"}}]}}]}]},{"type":"container","flow":"vertical","style":{"gridColumns":6,"customStyles":"wplus-grid-container"},"content":{"type":"slot","id":"centerBottomContent","mapping":[{"type":"ZONE","options":{"refId":"contentZone17"}},{"type":"ZONE","options":{"refId":"contentZone18"}}]}}]},{"type":"container","flow":"vertical","style":{"gridColumns":3},"content":{"type":"slot","id":"rightContent","mapping":[{"type":"ZONE","options":{"refId":"contentZone19"}},{"type":"ZONE","options":{"refId":"contentZone20"}},{"type":"ZONE","options":{"refId":"contentZone21"}},{"type":"ZONE","options":{"refId":"contentZone22"}},{"type":"ZONE","options":{"refId":"contentZone23"}},{"type":"ZONE","options":{"refId":"contentZone24"}}]}}]},{"type":"container","flow":"horizontal","content":{"type":"slot","id":"topVerticalContent","mapping":[{"type":"ZONE","options":{"refId":"contentZone25"}},{"type":"ZONE","options":{"refId":"contentZone26"}},{"type":"ZONE","options":{"refId":"contentZone27"}},{"type":"ZONE","options":{"refId":"contentZone28"}},{"type":"EXTERNAL","options":{"refId":"atfMarker","tempoLabel":"ATF Marker","displayInTempo":true}},{"type":"ZONE","options":{"refId":"contentZone29"}},{"type":"ZONE","options":{"refId":"contentZone30"}},{"type":"ZONE","options":{"refId":"contentZone31"}},{"type":"ZONE","options":{"refId":"contentZone32"}}]}},{"type":"container","flow":"horizontal","content":[{"type":"container","flow":"vertical","style":{"gridColumns":6},"content":{"type":"slot","id":"topLeftSplitContent","mapping":[{"type":"ZONE","options":{"refId":"contentZone33"}},{"type":"ZONE","options":{"refId":"contentZone34"}}]}},{"type":"container","flow":"vertical","style":{"gridColumns":6},"content":{"type":"slot","id":"topRightSplitContent","mapping":[{"type":"ZONE","options":{"refId":"contentZone35"}},{"type":"ZONE","options":{"refId":"contentZone36"}}]}}]},{"type":"container","flow":"horizontal","content":{"type":"slot","id":"middleVerticalContent","mapping":[{"type":"ZONE","options":{"refId":"contentZone37"}},{"type":"ZONE","options":{"refId":"contentZone38"}},{"type":"ZONE","options":{"refId":"contentZone39"}},{"type":"ZONE","options":{"refId":"contentZone40"}},{"type":"ZONE","options":{"refId":"contentZone41"}},{"type":"ZONE","options":{"refId":"contentZone42"}}]}},{"type":"container","flow":"horizontal","content":[{"type":"container","flow":"vertical","style":{"gridColumns":6},"content":{"type":"slot","id":"middleLeftSplitContent","mapping":[{"type":"ZONE","options":{"refId":"contentZone43"}},{"type":"ZONE","options":{"refId":"contentZone44"}}]}},{"type":"container","flow":"vertical","style":{"gridColumns":6},"content":{"type":"slot","id":"middleRightSplitContent","mapping":[{"type":"ZONE","options":{"refId":"contentZone45"}},{"type":"ZONE","options":{"refId":"contentZone46"}}]}}]},{"type":"container","flow":"horizontal","content":{"type":"slot","id":"bottomVerticalContent","mapping":[{"type":"ZONE","options":{"refId":"contentZone47"}},{"type":"ZONE","options":{"refId":"contentZone48"}},{"type":"ZONE","options":{"refId":"contentZone49"}},{"type":"ZONE","options":{"refId":"contentZone50"}},{"type":"ZONE","options":{"refId":"contentZone51"}},{"type":"ZONE","options":{"refId":"contentZone52"}}]}},{"type":"container","flow":"horizontal","content":[{"type":"container","flow":"vertical","style":{"gridColumns":6},"content":{"type":"slot","id":"bottomLeftSplitContent","mapping":[{"type":"ZONE","options":{"refId":"contentZone53"}},{"type":"ZONE","options":{"refId":"contentZone54"}}]}},{"type":"container","flow":"vertical","style":{"gridColumns":6},"content":{"type":"slot","id":"bottomRightSplitContent","mapping":[{"type":"ZONE","options":{"refId":"contentZone55"}},{"type":"ZONE","options":{"refId":"contentZone56"}}]}}]},{"type":"container","flow":"horizontal","content":{"type":"slot","id":"bottomContent","mapping":[{"type":"ZONE","options":{"refId":"contentZone57"}},{"type":"ZONE","options":{"refId":"contentZone58"}},{"type":"ZONE","options":{"refId":"contentZone59"}},{"type":"ZONE","options":{"refId":"contentZone60"}},{"type":"ZONE","options":{"refId":"contentZone61"}},{"type":"ZONE","options":{"refId":"contentZone62"}},{"type":"ZONE","options":{"refId":"contentZone63"}},{"type":"ZONE","options":{"refId":"contentZone64"}},{"type":"ZONE","options":{"refId":"contentZone65"}},{"type":"ZONE","options":{"refId":"contentZone66"}},{"type":"ZONE","options":{"refId":"contentZone67"}},{"type":"ZONE","options":{"refId":"contentZone68"}},{"type":"ZONE","options":{"refId":"contentZone69"}},{"type":"ZONE","options":{"refId":"contentZone70"}}]}}]},"channel":{"id":"87674fe3-1742-4650-8e11-8d0c6acfe836","status":"ACTIVE"},"version":"1.279-SNAPSHOT 1687442510438 jenkinspan","status":"ACTIVE"}}],"pageMetadata":{"location":{"postalCode":"27606","stateOrProvinceCode":"NC","city":"Raleigh","storeId":"1372"},"pageContext":{"customerContext":{"isActiveMember":true}},"p13nMetadata":"TFo0WQAAAPBKeyJ1c2VkTW9kZWxzIjp7IkdyaWRIZXJvUE9WQmFubmVyIjpbIkF0aGVuYUdsYXNzSG9tZVBhZ2VEZXNrdG9wVjEiXX0sInNob3duSXRlbXMiOltudWxsXX0=","lazyModules":[{"name":"Vi - Item Carousel Module #1 - Desktop - 1.17.23 (Default) - P13N","type":"ItemCarousel","version":10,"status":"published","publishedDate":1684517112913,"moduleId":"6d01e59a-a2cd-4157-9d24-bbeca544448f","module_id":"6d01e59a-a2cd-4157-9d24-bbeca544448f","schedule":{"start":null,"end":null,"priority":1,"expEnabled":false},"triggers":[{"pageType":"GlassHomePageDesktopV1","pageId":null,"zone":"contentZone31","inheritable":false}],"matchedTrigger":{"pageType":"GlassHomePageDesktopV1","pageId":null,"zone":"contentZone31","inheritable":false},"configs":{"__typename":"TempoWM_GLASSWWWItemCarouselConfigsV1","type":null,"title":"TVs","subTitle":null,"span":"full","products":[],"viewAllLink":{"linkText":"View all","title":"View all","clickThrough":{"type":"url","value":"/cp/televisions-video/1060825"}},"spBeaconInfo":null,"tileOptions":null,"productsConfig":{"products":null}}},{"name":"A/B test (CZ37) - Sign In Nudge Module - W+ Rewards - 5.18.23 ","type":"SignInNudge","version":3,"status":"published","publishedDate":1685572267759,"moduleId":"dc0496c8-f1be-4b8a-8117-377780564026","module_id":"dc0496c8-f1be-4b8a-8117-377780564026","schedule":{"start":null,"end":null,"priority":1234,"expEnabled":true},"triggers":[{"pageType":"GlassHomePageDesktopV1","pageId":null,"zone":"contentZone37","inheritable":false}],"matchedTrigger":{"pageType":"GlassHomePageDesktopV1","pageId":null,"zone":"contentZone37","inheritable":false},"configs":{"__typename":"TempoWM_GLASSWWWSignInNudgeConfigs","icon":{"alt":"Walmart Plus","assetId":"9cb3cbf0-ffd1-11ed-ba83-fb7c5f7864f7","assetName":"Cash_logo_wplus.png","clickThrough":null,"contentType":"image/png","height":"92","size":"7120","src":"https://i5.walmartimages.com/dfw/4ff9c6c9-24ae/k2-_88c598a2-d157-46ba-b22a-33740aa83184.v1.png","title":"Cash_logo_wplus","uid":"LUU0qm0g","width":"92"},"heading":{"text":"Walmart Rewards. Earn today \u0026 save more tomorrow.","signInNudeFontSize":"medium","textColor":"#002D58"},"headingMobile":null,"backgroundColor":"#F2F8FD","ctaButtonGroup":{"ctaButton":{"linkText":"Learn more","clickThrough":{"rawValue":"https://www.walmart.com/cp/8301756","tag":null,"type":"url","value":"https://www.walmart.com/cp/8301756"},"title":"Learn more","uid":"kF940u61"},"textFontSize":"small"}}},{"name":"V1 - Item Carousel Module #2 - 6.26.23  - To go with banner in Content Zone 35 - Better Homes \u0026 Gardens","type":"ItemCarousel","version":1,"status":"published","publishedDate":1687193541773,"moduleId":"6f148560-f417-4624-b65a-79904b5ac630","module_id":"6f148560-f417-4624-b65a-79904b5ac630","schedule":{"start":"2023-06-26T15:00Z","end":null,"priority":1,"expEnabled":false},"triggers":[{"pageType":"GlassHomePageDesktopV1","pageId":null,"zone":"contentZone33","inheritable":false}],"matchedTrigger":{"pageType":"GlassHomePageDesktopV1","pageId":null,"zone":"contentZone33","inheritable":false},"configs":{"__typename":"TempoWM_GLASSWWWItemCarouselConfigsV1","type":null,"title":"Better Homes \u0026 Gardens","subTitle":"Find rattan \u0026 more top trends.","span":"half","products":[],"viewAllLink":{"linkText":"View all","title":"View all","clickThrough":{"type":"url","value":"/browse/home/better-homes-gardens-furniture/4044_103150_6051572"}},"spBeaconInfo":null,"tileOptions":null,"productsConfig":{"products":null}}},{"name":"V1 - Video Player Module -  Desktop - 6.26.23  - New furniture","type":"VideoPlayer","version":1,"status":"published","publishedDate":1687193686281,"moduleId":"dc627d9e-e639-48f2-b71a-cf432e0e1ef1","module_id":"dc627d9e-e639-48f2-b71a-cf432e0e1ef1","schedule":{"start":"2023-06-26T15:00Z","end":null,"priority":0,"expEnabled":false},"triggers":[{"pageType":"GlassHomePageDesktopV1","pageId":null,"zone":"contentZone35","inheritable":false}],"matchedTrigger":{"pageType":"GlassHomePageDesktopV1","pageId":null,"zone":"contentZone35","inheritable":false},"configs":{"__typename":"TempoWM_GLASSWWWVideoPlayerConfigsV1","videoLink":"https://player.vimeo.com/progressive_redirect/playback/836605379/rendition/1080p/file.mp4?loc=external\u0026signature=8fbbeaad3193db7a0c6ea869703169600c1b8d5f20aa41c706deebabca84504c","videoADATitle":"Style your space. View new furniture from Better Homes and Gardens","VideoCardCta":{"linkText":"Shop now","title":"Shop now","clickThrough":{"type":"url","value":"https://www.walmart.com/cp/better-homes-gardens/1011919","rawValue":"https://www.walmart.com/cp/better-homes-gardens/1011919"},"uid":"GcrC0Nj6"},"posterImage":null,"isHeroVideo":"False","enableClosedCaption":"False","ccLink":null,"showPlayButton":"True","showMuteButton":"False","autoPlay":"True","mutedVideo":"True","playOnLoop":"True"}},{"name":"Capital One Banner Module - 1.31.23 (Device: Desktop Only) ","type":"CapitalOneBanner","version":3,"status":"published","publishedDate":1676331030873,"moduleId":"b1f3db06-fe33-40e7-abe7-6bf0553d9535","module_id":"b1f3db06-fe33-40e7-abe7-6bf0553d9535","schedule":{"start":null,"end":null,"priority":1,"expEnabled":false},"triggers":[{"pageType":"GlassHomePageDesktopV1","pageId":null,"zone":"contentZone48","inheritable":false}],"matchedTrigger":{"pageType":"GlassHomePageDesktopV1","pageId":null,"zone":"contentZone48","inheritable":false},"configs":{"__typename":"TempoWM_GLASSWWWCapitalOneBannerConfigsV1","bannerBackgroundColor":"#FFFFFF","primaryImage":{"alt":"Capital One","src":"https://i5.walmartimages.com/dfw/4ff9c6c9-5626/k2-_9f1ca88f-5819-4c4c-8ae1-e15a46420d9b.v1.png","assetId":"5f3744f0-a1df-11ed-bce4-c50a6bb4ee07","assetName":"DWEB-CapOne 2x-186x120.png"},"bannerCta":{"ctaLink":{"linkText":"Learn how","title":"Learn how","clickThrough":{"value":"/cp/632402"},"uid":"a0N1UvbK"},"textColor":"#000000"},"bannerText":[{"text":"Earn 5% cash back","isBold":"True","isUnderlined":"False","underlinedColor":"#0071dc","textColor":"#2e2f32"},{"text":"on Walmart.com.","isBold":"False","isUnderlined":"False","underlinedColor":"#FFFFFF","textColor":"#2e2f32"}]}},{"name":"Item Carousel Module #4 - 1.17.23 (Default) - Heaters","type":"ItemCarousel","version":10,"status":"published","publishedDate":1684437870418,"moduleId":"6ff12b52-84f5-4dc9-affa-1cd6aaa918f9","module_id":"6ff12b52-84f5-4dc9-affa-1cd6aaa918f9","schedule":{"start":null,"end":null,"priority":1,"expEnabled":false},"triggers":[{"pageType":"GlassHomePageDesktopV1","pageId":null,"zone":"contentZone42","inheritable":false}],"matchedTrigger":{"pageType":"GlassHomePageDesktopV1","pageId":null,"zone":"contentZone42","inheritable":false},"configs":{"__typename":"TempoWM_GLASSWWWItemCarouselConfigsV1","type":null,"title":"Heaters","subTitle":null,"span":"full","products":[],"viewAllLink":{"linkText":"View all","title":"View all","clickThrough":{"type":"url","value":"/browse/home-improvement/space-heaters/1072864_133032_1161932_1231142_1085403"}},"spBeaconInfo":null,"tileOptions":null,"productsConfig":{"products":null}}},{"name":"V1 - Collection Module #1 - 6.26.23 - Collection shop 1 - Fashion Savings (Athena Collection Whitelisted)","type":"Collection","version":1,"status":"published","publishedDate":1687286633660,"moduleId":"eaef206b-51be-49dc-a2a1-6bd0753f146e","module_id":"eaef206b-51be-49dc-a2a1-6bd0753f146e","schedule":{"start":"2023-06-26T15:00Z","end":null,"priority":0,"expEnabled":false},"triggers":[{"pageType":"GlassHomePageDesktopV1","pageId":null,"zone":"contentZone38","inheritable":false}],"matchedTrigger":{"pageType":"GlassHomePageDesktopV1","pageId":null,"zone":"contentZone38","inheritable":false},"configs":{"__typename":"TempoWM_GLASSWWWCollectionConfigs","collectionHero":{"image":{"alt":"Save on new picks. Patio and garden reset. Shop now. A chair is shown. Was ninety-seven dollars, now eighty-seven dollars��","assetId":"bda0bd81-6856-480d-a925-3bef3cfd1df9","assetName":"2637131-026-HARD-PatioGarden-1D-CollectionHero.jpg","clickThrough":null,"contentType":"image/jpg","height":"658","size":"121721","src":"https://i5.walmartimages.com/dfw/4ff9c6c9-6311/k2-_0a867010-7ebd-4ed2-b46b-337378168126.v1.jpg","title":"2637131-026-HARD-PatioGarden-1D-CollectionHero","uid":"lslnLICO","width":"658"},"backgroundColor":"#FFFFFF","textSpan":"horizontal","textAlignment":"topLeft","eyebrow":null,"heading":{"text":"Patio \u0026 garden reset","textFontWeight":"regular","textFontSize":"medium","textColor":"#2e2f32"},"ctaLink":{"ctaStyle":"pill","link":{"clickThrough":{"rawValue":"/shop/deals/patio-and-garden","tag":null,"type":"url","value":"/shop/deals/patio-and-garden"},"linkText":"Shop now","title":"Shop now","uid":"1drRa7rX"},"textColor":"#2e2f32"}},"horizontal":{"image":{"alt":"Upgrade your tech from one-hundred and seventy-nine dollars. Shop now. A laptop is shown��","assetId":"51b6274f-ab3a-48d3-9832-13b6859e3ef0","assetName":"2637131-028-ETS-TechSavings-2D-Collection-Horizontal-Banner-v2.jpg","clickThrough":null,"contentType":"image/jpg","height":"293","size":"68566","src":"https://i5.walmartimages.com/dfw/4ff9c6c9-77c1/k2-_19d3570b-f8ec-4cdd-836c-6eb4476a8ac4.v1.jpg","title":"2637131-028-ETS-TechSavings-2D-Collection-Horizontal-Banner-v2","uid":"Y3qLGwLb","width":"521"},"backgroundColor":"#FFFFFF","textSpan":"vertical","textAlignment":"topLeft","eyebrow":null,"heading":{"text":"Upgrade your tech from $179","textFontWeight":"regular","textFontSize":"medium","textColor":"#2e2f32"},"ctaLink":{"ctaStyle":"textLink","link":{"clickThrough":{"rawValue":"/shop/deals/electronics","tag":null,"type":"url","value":"/shop/deals/electronics"},"linkText":"Shop now","title":"Shop now","uid":"h4WqyvmX"},"textColor":"#2e2f32"}},"verticalSmall":[{"image":{"alt":"Tires from ninety-five dollars. Shop now. A tire is shown��","assetId":"25d950f9-bc24-41c4-8055-cb5f53518c37","assetName":"2637131-032-HARD-AutoSavings-4D-Collection-VerticalBannerSmall2.jpg","clickThrough":null,"contentType":"image/jpg","height":"342","size":"47788","src":"https://i5.walmartimages.com/dfw/4ff9c6c9-de34/k2-_05e0c7ce-2d9d-40ff-b687-46f48c58924e.v1.jpg","title":"2637131-032-HARD-AutoSavings-4D-Collection-VerticalBannerSmall2","uid":"qXdvIF3N","width":"248"},"backgroundColor":"#FFFFFF","textSpan":"horizontal","textAlignment":"topLeft","bannerAlignment":"rightBanner","heading":{"text":"Tires from $100","textFontWeight":"regular","textFontSize":"medium","textColor":"#2e2f32"},"subheading":null,"ctaLink":{"ctaStyle":"textLink","link":{"clickThrough":{"rawValue":"/shop/deals/auto","tag":null,"type":"url","value":"/shop/deals/auto"},"linkText":"Shop now","title":"Shop now","uid":"-O40EDPP"},"textColor":"#2e2f32"}},{"image":{"alt":"Car sets from one-hundred and fifty dollars. Shop now. A car seat is shown��","assetId":"ac08009a-1504-4294-b38d-61cddedc08c1","assetName":"2637131-030-CONS-BabySavings-3D-CollectionVerticalBannerSmall1.jpg","clickThrough":null,"contentType":"image/jpg","height":"342","size":"29617","src":"https://i5.walmartimages.com/dfw/4ff9c6c9-259c/k2-_42823662-6c7c-463b-9c3e-451960d6ffa5.v1.jpg","title":"2637131-030-CONS-BabySavings-3D-CollectionVerticalBannerSmall1","uid":"RHw7UCA_","width":"248"},"backgroundColor":"#FFFFFF","textSpan":"horizontal","textAlignment":"topLeft","bannerAlignment":"leftBanner","heading":{"text":"Car seats from $150","textFontWeight":"regular","textFontSize":"medium","textColor":"#2e2f32"},"subheading":null,"ctaLink":{"ctaStyle":"textLink","link":{"clickThrough":{"rawValue":"/shop/deals/baby","tag":null,"type":"url","value":"/shop/deals/baby"},"linkText":"Shop now","title":"Shop now","uid":"qkX6uZtk"},"textColor":"#2e2f32"}}],"verticalLarge":{"image":{"alt":"Flash Picks. Online and limited time only. Up to sixty-five percent off. Shop now ��","assetId":"3edf90b6-ab7a-4bc8-9a96-7f38311ceb4c","assetName":"2637131-034-XCAT-FlashPicks-5D-CollectionVerticalBannerLarge.jpg","clickThrough":null,"contentType":"image/jpg","height":"658","size":"66023","src":"https://i5.walmartimages.com/dfw/4ff9c6c9-eb72/k2-_d358bf33-82bb-4156-9c1b-ff7eb3c2e96a.v1.jpg","title":"2637131-034-XCAT-FlashPicks-5D-CollectionVerticalBannerLarge","uid":"YH9TVJ_L","width":"385"},"backgroundColor":"#FFFFFF","textSpan":"horizontal","textAlignment":"bottomLeft","eyebrow":{"text":"Online \u0026 limited time only","textFontWeight":"regular","textFontSize":"medium","textColor":"#2e2f32"},"heading":{"text":"Up to 65% off","textFontWeight":"regular","textFontSize":"medium","textColor":"#2e2f32"},"ctaLink":{"ctaStyle":"textLink","link":{"clickThrough":{"rawValue":"/shop/deals/flash-picks","tag":null,"type":"url","value":"/shop/deals/flash-picks"},"linkText":"Shop now","title":"Shop now","uid":"PO-_tkUK"},"textColor":"#2e2f32"}},"athenaEnabled":"True","moduleList":["c0eccf1c-b1d7-4fff-9ba2-a96759bfb8b0"],"collectionFilterType":"whitelist"}},{"name":"V1 - Collection Module #2 - 6.26.23 - Summer Splash - Fashion (Athena Collection Whitelisted)","type":"Collection","version":1,"status":"published","publishedDate":1687286768886,"moduleId":"fe60ade2-bcf1-4b8a-ae73-42a356921a92","module_id":"fe60ade2-bcf1-4b8a-ae73-42a356921a92","schedule":{"start":"2023-06-26T15:00Z","end":null,"priority":1,"expEnabled":false},"triggers":[{"pageType":"GlassHomePageDesktopV1","pageId":null,"zone":"contentZone49","inheritable":false}],"matchedTrigger":{"pageType":"GlassHomePageDesktopV1","pageId":null,"zone":"contentZone49","inheritable":false},"configs":{"__typename":"TempoWM_GLASSWWWCollectionConfigs","collectionHero":{"image":{"alt":"Starting at fifteen dollars. New fashion is here. Shop now. A woman is shown wearing a brown jacket, a printed two-piece short set and pink handbag ��","assetId":"ae0025b4-d07f-4117-ba23-70302862082a","assetName":"2637131-042-APRL-SpringFashion-1D-CollectionHero.jpg","clickThrough":null,"contentType":"image/jpg","height":"658","size":"117308","src":"https://i5.walmartimages.com/dfw/4ff9c6c9-e32f/k2-_fc68d495-2f00-4dab-b06b-9d1c9884b8ea.v1.jpg","title":"2637131-042-APRL-SpringFashion-1D-CollectionHero","uid":"0K-dQRe_","width":"658"},"backgroundColor":"#FFFFFF","textSpan":"vertical","textAlignment":"topLeft","eyebrow":null,"heading":{"text":"New fashion is here","textFontWeight":"regular","textFontSize":"medium","textColor":"#2e2f32"},"ctaLink":{"ctaStyle":"pill","link":{"clickThrough":{"rawValue":"/shop/clothing-and-accessories/new-arrivals","tag":null,"type":"url","value":"/shop/clothing-and-accessories/new-arrivals"},"linkText":"Shop now","title":"Shop now","uid":"fx7lt4YP"},"textColor":"#2e2f32"}},"horizontal":{"image":{"alt":"Top brands. Lounge for less. Shop patio. A chair is shown��","assetId":"81a2a2ca-e35e-44ce-a3b0-e9440ff7a791","assetName":"2637131-044-HARD-SpringBackyard-2D-CollectionHorizontalBanner.jpg","clickThrough":null,"contentType":"image/jpg","height":"293","size":"94770","src":"https://i5.walmartimages.com/dfw/4ff9c6c9-2d79/k2-_8dc2b3ab-ce0a-4154-a2c4-92f05dabd20e.v1.jpg","title":"2637131-044-HARD-SpringBackyard-2D-CollectionHorizontalBanner","uid":"ALXZzd7w","width":"521"},"backgroundColor":"#FFFFFF","textSpan":"vertical","textAlignment":"topLeft","eyebrow":{"text":"Top brands","textFontWeight":"regular","textFontSize":"small","textColor":"#2e2f32"},"heading":{"text":"Lounge for less","textFontWeight":"regular","textFontSize":"large","textColor":"#2e2f32"},"ctaLink":{"ctaStyle":"textLink","link":{"clickThrough":{"rawValue":"/browse/patio-garden/better-homes-gardens-patio-furniture/5428_91416_7820948","tag":null,"type":"url","value":"/browse/patio-garden/better-homes-gardens-patio-furniture/5428_91416_7820948"},"linkText":"Shop patio","title":"Shop patio","uid":"0MuctWfa"},"textColor":"#2e2f32"}},"verticalSmall":[{"image":{"alt":"Best of beauty. Shop now. A fragrance is shown��","assetId":"af8edfaf-6e71-4cc3-b772-9a73e31acad9","assetName":"2637131-046-CONS-SpringSkin-3D-CollectionVerticalBannerSmall1.jpg","clickThrough":null,"contentType":"image/jpg","height":"342","size":"34492","src":"https://i5.walmartimages.com/dfw/4ff9c6c9-79d4/k2-_cdddac44-c557-4119-afab-c80e8cb2db87.v1.jpg","title":"2637131-046-CONS-SpringSkin-3D-CollectionVerticalBannerSmall1","uid":"UplDjUwO","width":"248"},"backgroundColor":"#FFFFFF","textSpan":"horizontal","textAlignment":"topLeft","bannerAlignment":"leftBanner","heading":{"text":"Best of beauty","textFontWeight":"regular","textFontSize":"medium","textColor":"#2e2f32"},"subheading":null,"ctaLink":{"ctaStyle":"textLink","link":{"clickThrough":{"rawValue":"/browse/beauty/spring-beauty-refresh/1085666_5053208_9013773","tag":null,"type":"url","value":"/browse/beauty/spring-beauty-refresh/1085666_5053208_9013773"},"linkText":"Shop now","title":"Shop now","uid":"BfqlezqE"},"textColor":"#2e2f32"}},{"image":{"alt":"Playhouses and more. Shop now. A playhouse is shown��","assetId":"8183f992-a485-47ff-b191-aec7353f6463","assetName":"2637131-048-HARD-OutdoorPlay-4D-CollectionVerticalBannerSmall2.jpg","clickThrough":null,"contentType":"image/jpg","height":"342","size":"41007","src":"https://i5.walmartimages.com/dfw/4ff9c6c9-1f73/k2-_1678f9ae-8346-414c-97e3-082f773fd66f.v1.jpg","title":"2637131-048-HARD-OutdoorPlay-4D-CollectionVerticalBannerSmall2","uid":"VgfvMtzW","width":"248"},"backgroundColor":"#FFFFFF","textSpan":"horizontal","textAlignment":"topLeft","bannerAlignment":"rightBanner","heading":{"text":"Playhouses \u0026 more","textFontWeight":"regular","textFontSize":"medium","textColor":"#2e2f32"},"subheading":null,"ctaLink":{"ctaStyle":"textLink","link":{"clickThrough":{"rawValue":"/browse/outdoor-play/kids-playhouses/4171_14521_3747773","tag":null,"type":"url","value":"/browse/outdoor-play/kids-playhouses/4171_14521_3747773"},"linkText":"Shop now","title":"Shop now","uid":"mYnuwwU7"},"textColor":"#2e2f32"}}],"verticalLarge":{"image":{"alt":"Flash Picks. Online and limited time only. Up to sixty-five percent off. Shop now","assetId":"3edf90b6-ab7a-4bc8-9a96-7f38311ceb4c","assetName":"2637131-034-XCAT-FlashPicks-5D-CollectionVerticalBannerLarge.jpg","clickThrough":null,"contentType":"image/jpg","height":"658","size":"66023","src":"https://i5.walmartimages.com/dfw/4ff9c6c9-eb72/k2-_d358bf33-82bb-4156-9c1b-ff7eb3c2e96a.v1.jpg","title":"2637131-034-XCAT-FlashPicks-5D-CollectionVerticalBannerLarge","uid":"EapuQG6T","width":"385"},"backgroundColor":"#FFFFFF","textSpan":"horizontal","textAlignment":"bottomLeft","eyebrow":{"text":"Online \u0026 limited time only","textFontWeight":"regular","textFontSize":"small","textColor":"#2e2f32"},"heading":{"text":"Up to 65% off","textFontWeight":"regular","textFontSize":"medium","textColor":"#2e2f32"},"ctaLink":{"ctaStyle":"textLink","link":{"clickThrough":{"rawValue":"/browse/patio-outdoor-decor/5428_1102183","tag":null,"type":"url","value":"/browse/patio-outdoor-decor/5428_1102183"},"linkText":"Shop now","title":"Shop now","uid":"yRrjMch4"},"textColor":"#2e2f32"}},"athenaEnabled":"True","moduleList":["fb7f211e-def3-4e6c-87cc-65684bac6c76"],"collectionFilterType":"whitelist"}},{"name":"V1 - Collection Module #3 - 6.26.23 - New Toys \u0026 Tech (Athena Collection Whitelisted)","type":"Collection","version":1,"status":"published","publishedDate":1687286716489,"moduleId":"f23fe0d8-81e6-48e8-bfcf-b40dd366709c","module_id":"f23fe0d8-81e6-48e8-bfcf-b40dd366709c","schedule":{"start":"2023-06-26T15:00Z","end":null,"priority":1,"expEnabled":false},"triggers":[{"pageType":"GlassHomePageDesktopV1","pageId":null,"zone":"contentZone57","inheritable":false}],"matchedTrigger":{"pageType":"GlassHomePageDesktopV1","pageId":null,"zone":"contentZone57","inheritable":false},"configs":{"__typename":"TempoWM_GLASSWWWCollectionConfigs","collectionHero":{"image":{"alt":"Starting at fifteen dollars. New fashion is here. Shop now. A woman is shown wearing a brown jacket, a printed two-piece short set and pink handbag ��","assetId":"ae0025b4-d07f-4117-ba23-70302862082a","assetName":"2637131-042-APRL-SpringFashion-1D-CollectionHero.jpg","clickThrough":null,"contentType":"image/jpg","height":"658","size":"117308","src":"https://i5.walmartimages.com/dfw/4ff9c6c9-e32f/k2-_fc68d495-2f00-4dab-b06b-9d1c9884b8ea.v1.jpg","title":"2637131-042-APRL-SpringFashion-1D-CollectionHero","uid":"wFZe7Vw4","width":"658"},"backgroundColor":"#FFFFFF","textSpan":"vertical","textAlignment":"topLeft","eyebrow":null,"heading":{"text":"New fashion is here","textFontWeight":"regular","textFontSize":"medium","textColor":"#2e2f32"},"ctaLink":{"ctaStyle":"pill","link":{"clickThrough":{"rawValue":"/shop/clothing-and-accessories/new-arrivals","tag":null,"type":"url","value":"/shop/clothing-and-accessories/new-arrivals"},"linkText":"Shop now","title":"Shop now","uid":"uN9rAWXP"},"textColor":"#2e2f32"}},"horizontal":{"image":{"alt":"Top brands. Lounge for less. Shop patio. A chair is shown��","assetId":"81a2a2ca-e35e-44ce-a3b0-e9440ff7a791","assetName":"2637131-044-HARD-SpringBackyard-2D-CollectionHorizontalBanner.jpg","clickThrough":null,"contentType":"image/jpg","height":"293","size":"94770","src":"https://i5.walmartimages.com/dfw/4ff9c6c9-2d79/k2-_8dc2b3ab-ce0a-4154-a2c4-92f05dabd20e.v1.jpg","title":"2637131-044-HARD-SpringBackyard-2D-CollectionHorizontalBanner","uid":"DJilvjGU","width":"521"},"backgroundColor":"#FFFFFF","textSpan":"vertical","textAlignment":"topLeft","eyebrow":{"text":"Top brands","textFontWeight":"regular","textFontSize":"small","textColor":"#2e2f32"},"heading":{"text":"Lounge for less","textFontWeight":"regular","textFontSize":"large","textColor":"#2e2f32"},"ctaLink":{"ctaStyle":"textLink","link":{"clickThrough":{"rawValue":"/browse/patio-garden/better-homes-gardens-patio-furniture/5428_91416_7820948","tag":null,"type":"url","value":"/browse/patio-garden/better-homes-gardens-patio-furniture/5428_91416_7820948"},"linkText":"Shop patio","title":"Shop patio","uid":"Va8TRtBC"},"textColor":"#2e2f32"}},"verticalSmall":[{"image":{"alt":"Best of beauty. Shop now. A fragrance is shown��","assetId":"af8edfaf-6e71-4cc3-b772-9a73e31acad9","assetName":"2637131-046-CONS-SpringSkin-3D-CollectionVerticalBannerSmall1.jpg","clickThrough":null,"contentType":"image/jpg","height":"342","size":"34492","src":"https://i5.walmartimages.com/dfw/4ff9c6c9-79d4/k2-_cdddac44-c557-4119-afab-c80e8cb2db87.v1.jpg","title":"2637131-046-CONS-SpringSkin-3D-CollectionVerticalBannerSmall1","uid":"JaTxJeTo","width":"248"},"backgroundColor":"#FFFFFF","textSpan":"horizontal","textAlignment":"topLeft","bannerAlignment":"leftBanner","heading":{"text":"Best of beauty","textFontWeight":"regular","textFontSize":"medium","textColor":"#2e2f32"},"subheading":null,"ctaLink":{"ctaStyle":"textLink","link":{"clickThrough":{"rawValue":"/browse/beauty/spring-beauty-refresh/1085666_5053208_9013773","tag":null,"type":"url","value":"/browse/beauty/spring-beauty-refresh/1085666_5053208_9013773"},"linkText":"Shop now","title":"Shop now","uid":"z8HqDY-T"},"textColor":"#2e2f32"}},{"image":{"alt":"Playhouses and more. Shop now. A playhouse is shown��","assetId":"8183f992-a485-47ff-b191-aec7353f6463","assetName":"2637131-048-HARD-OutdoorPlay-4D-CollectionVerticalBannerSmall2.jpg","clickThrough":null,"contentType":"image/jpg","height":"342","size":"41007","src":"https://i5.walmartimages.com/dfw/4ff9c6c9-1f73/k2-_1678f9ae-8346-414c-97e3-082f773fd66f.v1.jpg","title":"2637131-048-HARD-OutdoorPlay-4D-CollectionVerticalBannerSmall2","uid":"U38C9CYE","width":"248"},"backgroundColor":"#FFFFFF","textSpan":"horizontal","textAlignment":"topLeft","bannerAlignment":"rightBanner","heading":{"text":"Playhouses \u0026 more","textFontWeight":"regular","textFontSize":"medium","textColor":"#2e2f32"},"subheading":null,"ctaLink":{"ctaStyle":"textLink","link":{"clickThrough":{"rawValue":"/browse/outdoor-play/kids-playhouses/4171_14521_3747773","tag":null,"type":"url","value":"/browse/outdoor-play/kids-playhouses/4171_14521_3747773"},"linkText":"Shop now","title":"Shop now","uid":"80C65N1Z"},"textColor":"#2e2f32"}}],"verticalLarge":{"image":{"alt":"Flash Picks. Online and limited time only. Up to sixty-five percent off. Shop now","assetId":"3edf90b6-ab7a-4bc8-9a96-7f38311ceb4c","assetName":"2637131-034-XCAT-FlashPicks-5D-CollectionVerticalBannerLarge.jpg","clickThrough":null,"contentType":"image/jpg","height":"658","size":"66023","src":"https://i5.walmartimages.com/dfw/4ff9c6c9-eb72/k2-_d358bf33-82bb-4156-9c1b-ff7eb3c2e96a.v1.jpg","title":"2637131-034-XCAT-FlashPicks-5D-CollectionVerticalBannerLarge","uid":"ufRs4sQ9","width":"385"},"backgroundColor":"#FFFFFF","textSpan":"horizontal","textAlignment":"bottomLeft","eyebrow":{"text":"Online \u0026 limited time only","textFontWeight":"regular","textFontSize":"small","textColor":"#2e2f32"},"heading":{"text":"Up to 65% off","textFontWeight":"regular","textFontSize":"medium","textColor":"#2e2f32"},"ctaLink":{"ctaStyle":"textLink","link":{"clickThrough":{"rawValue":"/browse/patio-outdoor-decor/5428_1102183","tag":null,"type":"url","value":"/browse/patio-outdoor-decor/5428_1102183"},"linkText":"Shop now","title":"Shop now","uid":"rpsY1J_M"},"textColor":"#2e2f32"}},"athenaEnabled":"True","moduleList":["de67c02a-49c5-429f-ad6f-22b367788815"],"collectionFilterType":"whitelist"}},{"name":"V1 - Collection Module #3 Desktop - 6.26.23 - (CSR: Happy Pride Month/ Health \u0026 Wellness/ One Financial/ Baby Registry/ Black Unlimited)","type":"Collection","version":1,"status":"published","publishedDate":1687374678994,"moduleId":"541785ea-7aa2-4515-911e-11d2a6e875dd","module_id":"541785ea-7aa2-4515-911e-11d2a6e875dd","schedule":{"start":"2023-06-26T15:00Z","end":null,"priority":0,"expEnabled":false},"triggers":[{"pageType":"GlassHomePageDesktopV1","pageId":null,"zone":"contentZone64","inheritable":false}],"matchedTrigger":{"pageType":"GlassHomePageDesktopV1","pageId":null,"zone":"contentZone64","inheritable":false},"configs":{"__typename":"TempoWM_GLASSWWWCollectionConfigs","collectionHero":{"image":{"alt":"Built for better. Supporting our communities. Learn more��","assetId":"6c15ca85-0968-4047-9f88-8984666382c8","assetName":"2514691-061-XCAT-BuiltBetter-5D-CollectionVerticalBannerLarge.jpg","clickThrough":null,"contentType":"image/jpg","height":"658","size":"58761","src":"https://i5.walmartimages.com/dfw/4ff9c6c9-9c78/k2-_7ebf6e4b-3b48-488a-ba22-a1910f98db63.v1.jpg","title":"2514691-061-XCAT-BuiltBetter-5D-CollectionVerticalBannerLarge","uid":"u7jpJb-d","width":"658"},"backgroundColor":"#FFFFFF","textSpan":"horizontal","textAlignment":"topLeft","eyebrow":{"text":"Built for Better","textFontWeight":"regular","textFontSize":"medium","textColor":"#2e2f32"},"heading":{"text":"Helping you thrive","textFontWeight":"regular","textFontSize":"medium","textColor":"#2e2f32"},"ctaLink":{"ctaStyle":"pill","link":{"clickThrough":{"rawValue":"https://www.walmart.com/cp/for-community/3029674","tag":null,"type":"url","value":"https://www.walmart.com/cp/for-community/3029674"},"linkText":"Learn more","title":"Learn more","uid":"w-VJDQp0"},"textColor":"#2e2f32"}},"horizontal":{"image":{"alt":"Vaccines and more. Schedule now��","assetId":"06165ad2-ce7e-4762-b551-1c61d6f25b57","assetName":"2514691-055-XCAT-Vaccines-2D-CollectionHorizontalBanner.jpg","clickThrough":null,"contentType":"image/jpg","height":"293","size":"35043","src":"https://i5.walmartimages.com/dfw/4ff9c6c9-9515/k2-_211bd7da-f3dd-4fa4-934b-a9286cac5965.v1.jpg","title":"2514691-055-XCAT-Vaccines-2D-CollectionHorizontalBanner","uid":"2jneQJjH","width":"521"},"backgroundColor":"#FFFFFF","textSpan":"horizontal","textAlignment":"topLeft","eyebrow":null,"heading":{"text":"Vaccines \u0026 more","textFontWeight":"regular","textFontSize":"large","textColor":"#2e2f32"},"ctaLink":{"ctaStyle":"textLink","link":{"clickThrough":{"rawValue":"https://www.walmart.com/pharmacy/clinical-services/immunization?povid=HWS_HomePage_Pharmacy_Immunizations\u0026emailMe=false\u0026action=SignIn\u0026rm=true","tag":null,"type":"url","value":"https://www.walmart.com/pharmacy/clinical-services/immunization?povid=HWS_HomePage_Pharmacy_Immunizations\u0026emailMe=false\u0026action=SignIn\u0026rm=true"},"linkText":"Schedule now","title":"Schedule now","uid":"bsb0O4F6"},"textColor":"#2e2f32"}},"verticalSmall":[{"image":{"alt":"Health and wellness. Shop now��","assetId":"338ac69d-40d2-4b6e-996d-a50b4cec71d6","assetName":"2514691-059-XCAT-Wellness-4D-CollectionVerticalBannerSmall2.jpg","clickThrough":null,"contentType":"image/jpg","height":"342","size":"24507","src":"https://i5.walmartimages.com/dfw/4ff9c6c9-3fd6/k2-_7fe3e24c-a4c9-4d37-afe1-0543bfa2c909.v1.jpg","title":"2514691-059-XCAT-Wellness-4D-CollectionVerticalBannerSmall2","uid":"aeGD92S4","width":"248"},"backgroundColor":"#FFFFFF","textSpan":"horizontal","textAlignment":"topLeft","bannerAlignment":"rightBanner","heading":{"text":"Health \u0026 wellness","textFontWeight":"regular","textFontSize":"medium","textColor":"#2e2f32"},"subheading":null,"ctaLink":{"ctaStyle":"textLink","link":{"clickThrough":{"rawValue":"https://www.walmart.com/cp/health/976760","tag":null,"type":"url","value":"https://www.walmart.com/cp/health/976760"},"linkText":"Shop now","title":"Shop now","uid":"W4f-WMP7"},"textColor":"#2e2f32"}},{"image":{"alt":"Simplify your money","assetId":"a2be751a-79e9-4a62-ac7c-2ecddc9a7cd1","assetName":"2712795-104-BRNDREP-OneFinancial-3D-Collection-Vertical-Banner-Small-1.jpg","clickThrough":null,"contentType":"image/jpg","height":"342","size":"18419","src":"https://i5.walmartimages.com/dfw/4ff9c6c9-1a23/k2-_a65f5e7b-f682-4b4d-8f55-012a6be3fdb1.v1.jpg","title":"Simplify your money","uid":"tB3aaV3w","width":"248"},"backgroundColor":"#FFFFFF","textSpan":"horizontal","textAlignment":"topLeft","bannerAlignment":"leftBanner","heading":{"text":"Simplify your money","textFontWeight":"bold","textFontSize":"medium","textColor":"#2e2f32"},"subheading":null,"ctaLink":{"ctaStyle":"textLink","link":{"clickThrough":{"rawValue":"https://www.walmart.com/cp/3747098?utm_campaign=WM_NewApp_PT_DIS_ACT_CVR_ONE_USA_MTD_V1\u0026utm_content=IMG_PRD_NVP_WMD-HPG-POVX-ONESimplified_PIL_PRP_DBT_NPP_NTR","tag":null,"type":"url","value":"https://www.walmart.com/cp/3747098?utm_campaign=WM_NewApp_PT_DIS_ACT_CVR_ONE_USA_MTD_V1\u0026utm_content=IMG_PRD_NVP_WMD-HPG-POVX-ONESimplified_PIL_PRP_DBT_NPP_NTR"},"linkText":"Learn more","title":"Learn more","uid":"eFuv67wC"},"textColor":"#2e2f32"}}],"verticalLarge":{"image":{"alt":"Black History Month. Celebrating Black brands. Discover more","assetId":"709d70f6-b558-4fbd-b3b0-dabd7a0f1e7a","assetName":"2514691-053-XCAT-BlackUnlimited-1D-CollectionHero.jpg","clickThrough":null,"contentType":"image/jpg","height":"658","size":"85281","src":"https://i5.walmartimages.com/dfw/4ff9c6c9-f361/k2-_ec50d8ab-c85f-4e80-83cc-b44b52d2b59e.v1.jpg","title":"Black History Month. Celebrating Black brands. Discover more","uid":"MpH9Cpcs","width":"385"},"backgroundColor":"#041E42","textSpan":"horizontal","textAlignment":"topLeft","eyebrow":{"text":"Black \u0026 Unlimited","textFontWeight":"bold","textFontSize":"small","textColor":"#FFFFFF"},"heading":{"text":"Celebrating Black brands","textFontWeight":"bold","textFontSize":"medium","textColor":"#FFFFFF"},"ctaLink":{"ctaStyle":"textLink","link":{"clickThrough":{"rawValue":"https://www.walmart.com/cp/supporting-black-communities/5486926","tag":null,"type":"url","value":"https://www.walmart.com/cp/supporting-black-communities/5486926"},"linkText":"Learn more","title":"Learn more","uid":"kz_H_w2p"},"textColor":"#FFFFFF"}},"athenaEnabled":"True","moduleList":["debad70c-541c-47d3-8413-26956b8af4e0","7e3525ba-0795-4063-9ab3-71b7564bf04c","5c7bb5d9-1aef-41cb-ad0d-8753c24c693a","f448f73f-6376-4eec-8373-ed6b9d9654ed"],"collectionFilterType":"whitelist"}},{"name":"V1 - Departments Grid Module - Desktop - (Product images) - Homepage redesign (Blue background)","type":"DepartmentsGrid","version":12,"status":"published","publishedDate":1680912251541,"moduleId":"724173df-4e85-4fb8-9869-f02ba5749c3d","module_id":"724173df-4e85-4fb8-9869-f02ba5749c3d","schedule":{"start":null,"end":null,"priority":1,"expEnabled":false},"triggers":[{"pageType":"GlassHomePageDesktopV1","pageId":null,"zone":"contentZone47","inheritable":false}],"matchedTrigger":{"pageType":"GlassHomePageDesktopV1","pageId":null,"zone":"contentZone47","inheritable":false},"configs":{"__typename":"TempoWM_GLASSWWWDepartmentsGridConfigsV1","headingText":"Get it all right here","viewAllLink":{"title":"View all","uid":"ZdAAduDQ","clickThrough":{"value":"/all-departments"}},"displayMode":"full","categoriesHome":[{"name":"Electronics","image":{"alt":"Electronics. View all��","src":"https://i5.walmartimages.com/dfw/4ff9c6c9-9674/k2-_cd6b8be4-8bfb-47bc-9843-49e8ed571106.v1.jpg","assetId":"4ecb0bae-350a-41b2-bed8-04692d26f730","assetName":"2514691-065-ETS-Electronics-2D-DepartmentTileDesktop.jpg","clickThrough":{"value":"/cp/3944"}}},{"name":"Home","image":{"alt":"Home. View all","src":"https://i5.walmartimages.com/dfw/4ff9c6c9-8370/k2-_15a0a4d2-1619-4914-94cd-774567d41404.v1.jpg","assetId":"7aa94936-168a-4abe-a68e-eec6c50878b8","assetName":"2514691-069-HOME-Home-4D-DepartmentTileDesktop.jpg","clickThrough":{"value":"/cp/home/4044"}}},{"name":"Sports \u0026 outdoors","image":{"alt":"Sports and outdoors. View all��","src":"https://i5.walmartimages.com/dfw/4ff9c6c9-49a1/k2-_34929c48-8885-4b5f-9448-b9abc7b04116.v1.jpg","assetId":"9b30aa51-adea-46c3-9b3e-7e8e72573a1d","assetName":"2514691-101-HARD-SportsOutdoors-20D-DepartmentTileDesktop.jpg","clickThrough":{"value":"/cp/sports-and-outdoors/4125"}}},{"name":"Toys","image":{"alt":"Toys. View all��","src":"https://i5.walmartimages.com/dfw/4ff9c6c9-6897/k2-_9d771225-ddc0-4ae4-8302-1921a8ace961.v1.jpg","assetId":"14556e23-f311-4ee5-a84d-2e7641c896f6","assetName":"2514691-071-ETS-Toys-5D-DepartmentTileDesktop.jpg","clickThrough":{"value":"/cp/toys/4171"}}},{"name":"Grocery","image":{"alt":"Grocery. View all��","src":"https://i5.walmartimages.com/dfw/4ff9c6c9-6406/k2-_987b6e28-ac24-4c30-a150-afe57033daf2.v1.jpg","assetId":"9e1ed0c4-2346-44c2-ac52-6d3152b9ce31","assetName":"2514691-063-FOOD-Grocery-1D-DepartmentTileDesktop.jpg","clickThrough":{"value":"/cp/976759"}}},{"name":"Fashion","image":{"alt":"Fashion. View all ��","src":"https://i5.walmartimages.com/dfw/4ff9c6c9-48f6/k2-_7aed4b13-f076-4785-8b0c-2a8343c2b70c.v1.jpg","assetId":"9a401855-f39d-4282-880a-0f8ea74e423e","assetName":"2514691-067-APRL-Fashion-3D-DepartmentTileDesktop.jpg","clickThrough":{"value":"/cp/5438"}}},{"name":"Auto \u0026 tires","image":{"alt":"Auto care. View all��","src":"https://i5.walmartimages.com/dfw/4ff9c6c9-e091/k2-_5abd632e-14d1-44b2-8361-fd23d6198365.v1.jpg","assetId":"abf3e8f3-6d45-407c-a009-c983de7eb0b1","assetName":"2514691-103-HARD-Auto-21D-DepartmentTileDesktop.jpg","clickThrough":{"value":"/cp/auto-tires/91083"}}},{"name":"Health \u0026 wellness","image":{"alt":"Pharmacy. View all��","src":"https://i5.walmartimages.com/dfw/4ff9c6c9-db33/k2-_76752a43-1765-455e-85d2-16a450d8ff5a.v1.jpg","assetId":"a26c13e4-e84a-4ef1-83e0-013267d987e7","assetName":"2514691-079-CONS-PharmacyHealth-9D-PharmacyHealthWellness.jpg","clickThrough":{"value":"/cp/health/976760"}}},{"name":"Household essentials","image":{"alt":"Household essentials. View all ��","src":"https://i5.walmartimages.com/dfw/4ff9c6c9-f903/k2-_593c15ba-e773-49f3-9de3-d36778997619.v1.jpg","assetId":"1b897b5c-641b-4fc5-994b-d60081e96a73","assetName":"2514691-095-CONS-HouseholdEssentials-17D-DepartmentTileDesktop.jpg","clickThrough":{"value":"/cp/household-essentials/1115193"}}},{"name":"Baby","image":{"alt":"Baby gear. View all��","src":"https://i5.walmartimages.com/dfw/4ff9c6c9-648f/k2-_c76e7139-cecb-4d48-893d-686d9bbbbfbe.v1.jpg","assetId":"c7d6a887-d1b3-42d2-8977-460cd3c0590e","assetName":"2514691-085-CONS-Baby-12D-DepartmentTileDesktop.jpg","clickThrough":{"value":"/cp/baby-products/5427"}}},{"name":"Patio and garden","image":{"alt":"Patio and garden. View all","src":"https://i5.walmartimages.com/dfw/4ff9c6c9-d172/k2-_03f75c9e-4b5c-4553-9439-4a9febfafab9.v1.jpg","assetId":"dd5b34bf-4540-4f78-9047-7d7af11f5933","assetName":"2514691-077-HARD-PatioGarden-8D-DepartmentTileDesktop.jpg","clickThrough":{"value":"/cp/patio-garden/5428"}}}]}},{"name":"V1 - Item Carousel #2 - CZ28 - PLACEHOLDER (needs athena item carousels) - dWeb - Flash deals","type":"ItemCarousel","version":7,"status":"published","publishedDate":1684783227639,"moduleId":"cf8dde41-4e22-4cbc-98e9-24699eab4311","module_id":"cf8dde41-4e22-4cbc-98e9-24699eab4311","schedule":{"start":null,"end":null,"priority":1,"expEnabled":false},"triggers":[{"pageType":"GlassHomePageDesktopV1","pageId":null,"zone":"contentZone29","inheritable":false}],"matchedTrigger":{"pageType":"GlassHomePageDesktopV1","pageId":null,"zone":"contentZone29","inheritable":false},"configs":{"__typename":"TempoWM_GLASSWWWItemCarouselConfigsV1","type":null,"title":"Flash deals","subTitle":null,"span":"full","products":[],"viewAllLink":{"linkText":"View all","title":"View all","clickThrough":{"type":"url","value":"/shop/deals/flash-picks"}},"spBeaconInfo":null,"tileOptions":null,"productsConfig":{"products":null}}},{"name":"V1 - Item Carousel Module #2 - dWeb - 3.23.23 - KEEP PUBLISHED","type":"ItemCarousel","version":12,"status":"published","publishedDate":1683567247715,"moduleId":"b876994b-4ff2-4af8-a85a-8e14a7fd94bf","module_id":"b876994b-4ff2-4af8-a85a-8e14a7fd94bf","schedule":{"start":null,"end":null,"priority":1,"expEnabled":false},"triggers":[{"pageType":"GlassHomePageDesktopV1","pageId":null,"zone":"contentZone65","inheritable":false}],"matchedTrigger":{"pageType":"GlassHomePageDesktopV1","pageId":null,"zone":"contentZone65","inheritable":false},"configs":{"__typename":"TempoWM_GLASSWWWItemCarouselConfigsV1","type":null,"title":"Clean like you mean it","subTitle":null,"span":"full","products":[],"viewAllLink":{"linkText":"View all","title":"View all","clickThrough":{"type":"url","value":"/browse/home/vacuum-cleaners/4044_90548_4047_3525958"}},"spBeaconInfo":null,"tileOptions":null,"productsConfig":{"products":null}}},{"name":"V1 - Item Carousel Module #2 - dWeb - 6.2.23 - #IYWYK","type":"ItemCarousel","version":2,"status":"published","publishedDate":1685741485499,"moduleId":"7453ca29-2e7f-4671-bc09-a07c963d50a4","module_id":"7453ca29-2e7f-4671-bc09-a07c963d50a4","schedule":{"start":null,"end":null,"priority":1,"expEnabled":false},"triggers":[{"pageType":"GlassHomePageDesktopV1","pageId":null,"zone":"contentZone53","inheritable":false}],"matchedTrigger":{"pageType":"GlassHomePageDesktopV1","pageId":null,"zone":"contentZone53","inheritable":false},"configs":{"__typename":"TempoWM_GLASSWWWItemCarouselConfigsV1","type":null,"title":"#IYWYK","subTitle":null,"span":"half","products":[],"viewAllLink":{"linkText":"Shop our social feed","title":"Shop our social feed","clickThrough":{"type":"url","value":"https://www.walmart.com/cp/walmart-in-the-know/7781927"}},"spBeaconInfo":null,"tileOptions":null,"productsConfig":{"products":null}}},{"name":"V1 - Item Carousel Module #2 - dWeb - 6.26.23 - Lesson #1: start early","type":"ItemCarousel","version":1,"status":"published","publishedDate":1687194775958,"moduleId":"4ecb5d50-6d88-4afa-b6be-ae9b0fa59ddf","module_id":"4ecb5d50-6d88-4afa-b6be-ae9b0fa59ddf","schedule":{"start":"2023-06-26T15:00Z","end":null,"priority":1,"expEnabled":false},"triggers":[{"pageType":"GlassHomePageDesktopV1","pageId":null,"zone":"contentZone43","inheritable":false}],"matchedTrigger":{"pageType":"GlassHomePageDesktopV1","pageId":null,"zone":"contentZone43","inheritable":false},"configs":{"__typename":"TempoWM_GLASSWWWItemCarouselConfigsV1","type":null,"title":"Lesson #1: start early","subTitle":"Get ahead on all they’ll need.","span":"half","products":[],"viewAllLink":{"linkText":"View all","title":"View all","clickThrough":{"type":"url","value":"/browse/shop-all-back-to-school/1085632_1071204_5186082"}},"spBeaconInfo":null,"tileOptions":null,"productsConfig":{"products":null}}},{"name":"V1 - Item Carousel Module #3 - Desktop - 3.9.23 - (Keep Published) (necessary for carousel module in CZ 37)","type":"ItemCarousel","version":7,"status":"published","publishedDate":1684517079509,"moduleId":"bd193b2a-f117-4746-9332-c02bc4b038d7","module_id":"bd193b2a-f117-4746-9332-c02bc4b038d7","schedule":{"start":null,"end":null,"priority":1,"expEnabled":false},"triggers":[{"pageType":"GlassHomePageDesktopV1","pageId":null,"zone":"contentZone39","inheritable":false}],"matchedTrigger":{"pageType":"GlassHomePageDesktopV1","pageId":null,"zone":"contentZone39","inheritable":false},"configs":{"__typename":"TempoWM_GLASSWWWItemCarouselConfigsV1","type":null,"title":"Prep for your getaway","subTitle":null,"span":"full","products":[],"viewAllLink":{"linkText":"View all","title":"View all","clickThrough":{"type":"url","value":"/shop/spring-break"}},"spBeaconInfo":null,"tileOptions":null,"productsConfig":{"products":null}}},{"name":"V1 - Item Carousel Module #3 - dWeb - KEEP PUBLISHED","type":"ItemCarousel","version":1,"status":"published","publishedDate":1686326776031,"moduleId":"4cad6714-6629-46bd-83fa-d9ff73a6d99f","module_id":"4cad6714-6629-46bd-83fa-d9ff73a6d99f","schedule":{"start":null,"end":null,"priority":1,"expEnabled":false},"triggers":[{"pageType":"GlassHomePageDesktopV1","pageId":null,"zone":"contentZone58","inheritable":false}],"matchedTrigger":{"pageType":"GlassHomePageDesktopV1","pageId":null,"zone":"contentZone58","inheritable":false},"configs":{"__typename":"TempoWM_GLASSWWWItemCarouselConfigsV1","type":null,"title":"Clean like you mean it","subTitle":null,"span":"full","products":[],"viewAllLink":{"linkText":"View all","title":"View all","clickThrough":{"type":"url","value":"/browse/home/vacuum-cleaners/4044_90548_4047_3525958"}},"spBeaconInfo":null,"tileOptions":null,"productsConfig":{"products":null}}},{"name":"V1 - Item Carousel Module #4 - dWeb - (Keep Published)","type":"ItemCarousel","version":6,"status":"published","publishedDate":1681511673267,"moduleId":"f0bf0c27-c47b-4099-befa-0035c787bcca","module_id":"f0bf0c27-c47b-4099-befa-0035c787bcca","schedule":{"start":null,"end":null,"priority":1,"expEnabled":false},"triggers":[{"pageType":"GlassHomePageDesktopV1","pageId":null,"zone":"contentZone50","inheritable":false}],"matchedTrigger":{"pageType":"GlassHomePageDesktopV1","pageId":null,"zone":"contentZone50","inheritable":false},"configs":{"__typename":"TempoWM_GLASSWWWItemCarouselConfigsV1","type":null,"title":"Top savings for you","subTitle":null,"span":"full","products":[],"viewAllLink":{"linkText":"View all","title":"View all","clickThrough":{"type":"url","value":"/shop/deals"}},"spBeaconInfo":null,"tileOptions":null,"productsConfig":{"products":null}}},{"name":"V1 - Video Player Module -  Desktop - 6.2.23  - In the Know (IYWYK)","type":"VideoPlayer","version":2,"status":"published","publishedDate":1685741459837,"moduleId":"8c506963-ed58-4f50-b9b1-ef6639734c08","module_id":"8c506963-ed58-4f50-b9b1-ef6639734c08","schedule":{"start":null,"end":null,"priority":0,"expEnabled":false},"triggers":[{"pageType":"GlassHomePageDesktopV1","pageId":null,"zone":"contentZone55","inheritable":false}],"matchedTrigger":{"pageType":"GlassHomePageDesktopV1","pageId":null,"zone":"contentZone55","inheritable":false},"configs":{"__typename":"TempoWM_GLASSWWWVideoPlayerConfigsV1","videoLink":"https://player.vimeo.com/progressive_redirect/playback/832743546/rendition/1080p/file.mp4?loc=external\u0026signature=806c6b36f0cdbf2b96bd36a068498ea59a5675561d821ec4a2746356e1197def","videoADATitle":"Tag hashtag IYWYK to be featured.","VideoCardCta":{"linkText":"Shop now","title":"Shop now","clickThrough":{"type":"url","value":"https://www.walmart.com/cp/walmart-in-the-know/7781927","rawValue":"https://www.walmart.com/cp/walmart-in-the-know/7781927"},"uid":"OxGzX9PJ"},"posterImage":null,"isHeroVideo":"False","enableClosedCaption":"False","ccLink":null,"showPlayButton":"True","showMuteButton":"False","autoPlay":"True","mutedVideo":"True","playOnLoop":"True"}},{"name":"V1 Hero POV Banner Module - dWeb- (Static) - 6.26.23 - (to go with carousel in CZ 28) - A+ supplies","type":"GridHeroPOVBanner","version":1,"status":"published","publishedDate":1687195294505,"moduleId":"f155108a-173b-4fc0-973d-06d0569ec136","module_id":"f155108a-173b-4fc0-973d-06d0569ec136","schedule":{"start":"2023-06-26T15:00Z","end":null,"priority":1,"expEnabled":false},"triggers":[{"pageType":"GlassHomePageDesktopV1","pageId":null,"zone":"contentZone45","inheritable":false}],"matchedTrigger":{"pageType":"GlassHomePageDesktopV1","pageId":null,"zone":"contentZone45","inheritable":false},"configs":{"__typename":"TempoWM_GLASSWWWGridHeroPOVBannerConfigsV1","athenaEnabled":"False","backgroundColor":"#041E42","heroEyebrow":{"text":"Back-to-school prep","textColor":"#041E42","textFontSize":"small","textFontWeight":"regular"},"heroHeading":{"text":"A+ supplies","textColor":"#041E42","textFontSize":"medium","textFontWeight":"regular"},"enableCta":"True","isCtaHidden":"False","heroPrimaryCtaGroup":{"primaryCta":{"linkText":"Shop now","title":"Shop now","clickThrough":{"type":"url","value":"/browse/shop-all-back-to-school/1085632_1071204_5186082","rawValue":"/browse/shop-all-back-to-school/1085632_1071204_5186082"},"uid":"vIuH1cMo"},"primaryCtaStyle":"pill","textFontSize":"small","textColor":"#041E42"},"heroSecondaryCtaGroup":null,"heroFilterType":null,"image":{"alt":"Back-to-school prep. View school supplies ","src":"https://i5.walmartimages.com/dfw/4ff9c6c9-d776/k2-_ce633ca2-4627-4834-ab84-d881d3bebd22.v1.jpg","assetId":"abd20661-0ba7-4877-b6cc-bb43c691083b","assetName":"3035839-037-XCAT-BTS-1D-Hero-POV.jpg","uid":"l32uDkLd"},"moduleList":null,"heroTextAlignment":"topLeft","heroTextSpan":"horizontal","uid":null,"legalDisclosure":null}}]}}},"headers":{}},"dimensionData":"720","psych":{"isDesktop":true,"isBot":false,"isMobile":false,"trafficType":"customer","visitType":"rv_c","previousAppVersion":"main-1.81.0-f787e7-0622T1507"},"isomorphicSessionId":"XXN-TKhSfnr3cvPBk_n4X","trace":{"traceId":"58325e7726f4c16a8818e476a3306308","spanId":"014f46e8512162c0","traceFlags":0},"isCaching":false,"queryContextCacheId":1514,"bootstrapData":{"account":{"data":{"account":{"profile":{"firstName":"Swastik","lastName":"Ghosh","emailAddress":"swastik.ghosh97@gmail.com"}}},"headers":{}},"cart":null,"header":{"data":{"contentLayout":{"modules":[{"name":"New GlobalHamburgerNav Module, Monday, February 01, 2021, 10:56:25:63 am","type":"GlobalHamburgerNav","moduleId":"e5695db1-03c9-4ad8-87b1-3ecc7f36139a","matchedTrigger":{"zone":"hamburgerNav"},"configs":{"subCategory":[{"subLinks":[{"link":{"linkText":"Purchase History","title":"Purchase History","clickThrough":{"value":"/orders"},"uid":"lClciGBL"},"icon":"Receipt"},{"link":{"linkText":"My Items","title":"My Items","clickThrough":{"value":"/my-items"},"uid":"-CR6cbCJ"},"icon":"Reorder"},{"link":{"linkText":"Account","title":"Account","clickThrough":{"value":"/account"},"uid":"UEvH7Fxj"},"icon":"User"}]},{"subLinks":[{"link":{"linkText":"Help","title":"Help","clickThrough":{"value":"/help"},"uid":"8IhExTJt"},"icon":"QuestionCircle"}]},{"subLinks":[{"link":{"linkText":"Lists","title":"Lists","clickThrough":{"value":"/lists"},"uid":"X1LAJGJ_"},"icon":"Heart"},{"link":{"linkText":"Registries","title":"Registries","clickThrough":{"value":"/cp/gifts-registry/1094765"},"uid":"1AXmIt42"},"icon":"Gift"}]}]}}]}},"headers":{}},"footer":{"data":{"contentLayout":{"modules":[{"name":"Full Footer Module - 10.25.22","type":"GlobalFooterLinks","matchedTrigger":{"zone":"footerZone1"},"configs":{"subLinks":[{"link":{"linkText":"All Departments","title":"All Departments","clickThrough":{"type":"url","value":"/all-departments","rawValue":"/all-departments"},"uid":"qxfQLilq"},"isSFLink":"False","openInNewTab":"False"},{"link":{"linkText":"Store Directory","title":"Store Directory","clickThrough":{"type":"url","value":"/store/directory","rawValue":"/store/directory"},"uid":"Mqjgq01i"},"isSFLink":"False","openInNewTab":"True"},{"link":{"linkText":"Careers","title":"Careers","clickThrough":{"type":"url","value":"https://careers.walmart.com/","rawValue":"https://careers.walmart.com/"},"uid":"xSXQZgLP"},"isSFLink":"False","openInNewTab":"True"},{"link":{"linkText":"Our Company","title":"Our Company","clickThrough":{"type":"url","value":"https://corporate.walmart.com/","rawValue":"https://corporate.walmart.com/"},"uid":"1LGhsg1W"},"isSFLink":"False","openInNewTab":"True"},{"link":{"linkText":"Sell on Walmart.com","title":"Sell on Walmart.com","clickThrough":{"type":"url","value":"https://marketplace.walmart.com/?utm_source=Walmart.com\u0026utm_medium=link\u0026utm_campaign=footer","rawValue":"https://marketplace.walmart.com/?utm_source=Walmart.com\u0026utm_medium=link\u0026utm_campaign=footer"},"uid":"ruChBupf"},"isSFLink":"False","openInNewTab":"True"},{"link":{"linkText":"Help","title":"Help","clickThrough":{"type":"url","value":"/help","rawValue":"/help"},"uid":"sF8XalaR"},"isSFLink":"False","openInNewTab":"False"},{"link":{"linkText":"COVID-19 Vaccine Scheduler","title":"COVID-19 Vaccine Scheduler","clickThrough":{"type":"url","value":"https://www.walmart.com/cp/flu-shots-immunizations/1228302","rawValue":"https://www.walmart.com/cp/flu-shots-immunizations/1228302"},"uid":"mkSSzU5_"},"isSFLink":"False","openInNewTab":"False"},{"link":{"linkText":"Product Recalls","title":"Product Recalls","clickThrough":{"type":"url","value":"https://corporate.walmart.com/recalls","rawValue":"https://corporate.walmart.com/recalls"},"uid":"6WfEW3Zs"},"isSFLink":"False","openInNewTab":"True"},{"link":{"linkText":"Accessibility","title":"Accessibility","clickThrough":{"type":"url","value":"https://www.walmart.com/help/article/responsible-disclosure-and-accessibility-policies/0f173dab8bd942da84b1cd7ab5ffc3cb","rawValue":"https://www.walmart.com/help/article/responsible-disclosure-and-accessibility-policies/0f173dab8bd942da84b1cd7ab5ffc3cb"},"uid":"nH94lRDz"},"isSFLink":"False","openInNewTab":"True"},{"link":{"linkText":"Tax Exempt Program","title":"Tax Exempt Program","clickThrough":{"type":"url","value":"https://www.walmart.com/taxexempt/","rawValue":"https://www.walmart.com/taxexempt/"},"uid":"MSqG1z1p"},"isSFLink":"False","openInNewTab":"True"},{"link":{"linkText":"Get the Walmart App","title":"Get the Walmart App","clickThrough":{"type":"url","value":"https://walmart.onelink.me/UIev?pid=walmart.com\u0026af_web_dp=https%3A%2F%2Fwww.walmart.com%2Fcp%2Fwalmart-mobile-app%2F1087865\u0026c=Walmart.com%20Site%20Footer\u0026af_dp=walmart%3A%2F%2F","rawValue":"https://walmart.onelink.me/UIev?pid=walmart.com\u0026af_web_dp=https%3A%2F%2Fwww.walmart.com%2Fcp%2Fwalmart-mobile-app%2F1087865\u0026c=Walmart.com%20Site%20Footer\u0026af_dp=walmart%3A%2F%2F"},"uid":"fBlESY-s"},"isSFLink":"False","openInNewTab":"False"},{"link":{"linkText":"Sign-up for Email","title":"Sign-up for Email","clickThrough":{"type":"url","value":"https://www.walmart.com/cp/email-opt-in/8196352?gbo=1","rawValue":"https://www.walmart.com/cp/email-opt-in/8196352?gbo=1"},"uid":"wdxkv1Zu"},"isSFLink":"False","openInNewTab":"False"},{"link":{"linkText":"Safety Data Sheet","title":"Safety Data Sheet","clickThrough":{"type":"url","value":"http://msds.walmartstores.com/","rawValue":"http://msds.walmartstores.com/"},"uid":"snKdw1ZD"},"isSFLink":"False","openInNewTab":"False"},{"link":{"linkText":"Terms of Use","title":"Terms of Use","clickThrough":{"type":"url","value":"/help/article/walmart-com-terms-of-use/3b75080af40340d6bbd596f116fae5a0","rawValue":"/help/article/walmart-com-terms-of-use/3b75080af40340d6bbd596f116fae5a0"},"uid":"ZIN3lfkK"},"isSFLink":"True","openInNewTab":"False"},{"link":{"linkText":"Privacy \u0026 Security","title":"Privacy \u0026 Security","clickThrough":{"type":"url","value":"https://corporate.walmart.com/privacy-security","rawValue":"https://corporate.walmart.com/privacy-security"},"uid":"NcSEmFEh"},"isSFLink":"True","openInNewTab":"True"},{"link":{"linkText":"CA Privacy Rights","title":"CA Privacy Rights","clickThrough":{"type":"url","value":"https://corporate.walmart.com/privacy-security/california-privacy-rights","rawValue":"https://corporate.walmart.com/privacy-security/california-privacy-rights"},"uid":"NeoPjasI"},"isSFLink":"True","openInNewTab":"True"},{"link":{"linkText":"California Supply Chain Act","title":"California Supply Chain Act","clickThrough":{"type":"url","value":"https://corporate.walmart.com/california-transparency","rawValue":"https://corporate.walmart.com/california-transparency"},"uid":"saB0OxA1"},"isSFLink":"True","openInNewTab":"True"},{"link":{"linkText":"Your Privacy Choices","title":"Your Privacy Choices","clickThrough":{"type":"url","value":"https://www.walmart.com/account/api/ccpa-intake?native=false\u0026app=gm\u0026type=sod","rawValue":"https://www.walmart.com/account/api/ccpa-intake?native=false\u0026app=gm\u0026type=sod"},"uid":"J_2kgrFD"},"isSFLink":"True","openInNewTab":"True"},{"link":{"linkText":"Request My Personal Information","title":"Request My Personal Information","clickThrough":{"type":"url","value":"https://www.walmart.com/account/api/ccpa-intake?native=false\u0026app=gm\u0026type=access","rawValue":"https://www.walmart.com/account/api/ccpa-intake?native=false\u0026app=gm\u0026type=access"},"uid":"bBv2y0Gq"},"isSFLink":"True","openInNewTab":"True"},{"link":{"linkText":"#IYWYK","title":"#IYWYK","clickThrough":{"type":"url","value":"https://www.walmart.com/cp/walmart-in-the-know/7781927","rawValue":"https://www.walmart.com/cp/walmart-in-the-know/7781927"},"uid":"JWKSWcyU"},"isSFLink":"False","openInNewTab":"False"}]}}]}},"headers":{}},"cv":{"account":{"_all_":{"enableAccountDWeb":true,"registriesUrl":"/my-registries","enableGoogleAutoComplete":true,"enablePaidBusinessPlusPlan":false,"isLoginRedirectionEnabled":false,"enableMyItemsMenu":true,"enablePostalCodeMessage":false,"enableWPlusMembershipMode":true,"enableAccountWallet":true,"enablePetsCarousel":true,"ccpaUrl":"/account/ccpa-reporting","enableZipcodeInAddressSelector":false,"showSignInNudgeDweb":true,"customCakeUrl":"https://www.walmart.com/order-ahead/cake","enableDigitalRewards":true,"communicationAndPrivacyUrl":"/account/communications-and-privacy","digitalRewardsUrl":"https://www.walmart.com/cp/8301756","disableGuestUserAutocomplete":false,"protectionPlanUrl":"/protection-plans","enchancedAccountPharmacyUrl":"https://www.walmart.com/cp/5431","enableItemSubscriptionRamp":false,"reorderUrl":"https://www.walmart.com/my-items","enablePetsLink":false,"ccpaNewRequestUrl":"https://www.walmart.com/account/api/ccpa-intake?native=false\u0026amp;type=access","autoCareCenterUrl":"https://www.walmart.com/cp/auto-services/1087266","enablePhoneCollection":true,"enableAddressLineOneAutofill":false,"enableCharityOfChoice":true,"enableInHomeAddress":true,"vuduLibraryUrl":"https://video.walmart.com/content/account/purchasehistory","enablePetHubPage":false,"eBookUrl":"https://www.walmart.com/account/redirect/kobo?page=library","enableLocationAutoComplete":true,"isInHomeEnabled":true,"enableNextBestAction":true,"enableAccountMWeb":true,"enableMultipleInhomeAddresses":false,"enablePetRxWebUrl":"https://www.walmart.com","enableSubscriptionModule":true,"enableAVSOverrideGoogleAutoComplete":true,"walmartPlusUrl":"https://www.walmart.com/grocery/account/plus/overview","enablePostalCodeOnly":false,"enableInHomeEdit":true,"listsUrl":"/lists","showSignInNudgeMWeb":true,"placeholder":1,"enableWalmartPlus":true,"enableYourProfileSection":true,"itemSubscriptionUrl":"https://www.walmart.com/m/deals/subscriptions/manage","enableGarage":true,"enablePetRxAutoRefill":false,"enableWalmartPlusPreference":true,"walmartAssociateUrl":"https://www.walmart.com/account/associate-discount","pharmacyUrl":"https://www.walmart.com/pharmacy/dashboard","enableFeatureCommsAndPrivacy":true,"enableAvsOverride":true,"shouldUpdateCartAfterUpdateZipcode":true,"isFCShippingEnabled":true,"enablePetRx":true,"enableItemSubscription":true,"isRewardsEnabled":true,"isMobileVerificationEnabled":false}},"cart":{"_all_":{"enableAuthErrorFix":true,"enableStyliticsClassicQuickShop":false,"enableItemUpdates":true,"enableLoopItemUpdates":true,"enableShopSimilarForPickup":false,"homeScriptSrc":"https://web-assets.stylitics.com/v3-moodboard/latest/moodboard.release.js","enableLeanModeSFL":false,"cartQueryStaleTime":240000,"enablePartialCheckout":true,"enableWplusCashback":false,"enableSingletonATF":false,"enableForceFooterVisibility":true,"enableFullPagePAC":true,"defaultSalesWeight":0.25,"enableGXOSignInNudge":true,"enableSSRRedirect":false,"enableReturnsLabel":true,"enableCapOneRewards":true,"enableGuestCheckout":true,"enableACCOnPAC":false,"enableSFLMoveToCartOptimization":false,"enableACCNonServiceableErrorUI":true,"enableLeanModeATC":true,"enableDetailedPartialXoLabel":false,"enableCartWplusBannerPickup":true,"enableWplusThirtyDaystrial":true,"showPersonalization":true,"enablelastCallOptimizatation":true,"enableCartWplusBannerNoSlotSelected":true,"enableAddOnServicesPAC":true,"enableCTLQuickShopLabel":false,"enableCarePlansAndHomeServices":true,"enableFullPageSignin":false,"enableSetShippingOrDeliveryMutation":true,"enableShippingLabel":true,"enableSubstituteOOSV2":true,"disableP13nOnPAC":false,"enableOmniPromise":true,"enableEnhancedEmptyCart":true,"enableWirelessPostpaid":true,"projectThunderbolt":false,"enableLargeImagesMWeb":false,"sflCountPerPagination":20,"homeUsername":"walmart","enableNewSignInBenefitCards":true,"enableStylisticsMoodBoardDesign":false,"enableEarlyAccess":true,"enableInHomeDelivery":true,"enablePickupNotAvailable":false,"enableLastCallNonRoutine":false,"disableGetCartCSR":false,"enableWplusBannersPostCartLoadPage":true,"enablePostLoadDeals":true,"enablePAC":true,"disableNoTimesMessage":true,"enableNonConfigBundles":true,"slotShortcutMaxSlotReqCount":15,"enableSigninBenefits":true,"enableFPCEHeader":true,"slotShortcutGetSlotsQueryCacheTime":30000,"enableWplusFulfillmentBanner":true,"enableShopTheModelBadge":false,"enableCTLProductTitle":false,"enableHelium":true,"enableFFCollapseMode":false,"enableLoadAfterATF":false,"enableClipRewards":false,"enableIbotta":true,"enableCXOPrefetch":true,"enableItemSwitchableTempBadge":false,"enableCartLevelMSI":false,"enableAEBadge":true,"enableATCAnimation":false,"apparelScriptSrc":"https://web-assets.stylitics.com/v3-classic/latest/classic.release.js","enableWplusGuestBanner":true,"enableGetCartAuthErrorRefetch":true,"enablePACRedirectOnDismiss":false,"enableCapOne":true,"enableFCTodayTomorrowHeader":true,"enableIntentControl":true,"enableWideProductImages":true,"enableWeightedItems":false,"enableStyliticsMoodboardQuickShop":false,"enableWalmartPlusIntegratedSignUp":true,"enableItemSwitchableBadge":false,"enableATCRateLimitingMessage":true,"enableATCOptimization":true,"enableVisionNoRxCheckout":false,"enableEnhancedSavings":false,"enableFeeThresholdBar":false,"enableSubstituteOOS":true,"enableBenefitSavings":true,"enableSmartNudges":true,"enableACCScheduling":true,"enableMPStoreSelector":true,"enableCartLight":false,"enableSmileyPricing":true,"enableACCVariant":1,"enablePartialSwitchModuleLevel":false,"enableGroceryPAC":true,"enableCTLMultipleLooks":false,"enableCallouts":false,"enableAffirm":true,"enableItemNotSwitchableBadge":false,"enableWplusOldBannerUI":true,"enableCTLQuickShop":false,"enablePriceChange":true,"enableCompleteTheLook":false,"enableEbt":true,"enableLastCallFullPage":false,"enableWplus":true,"enableStylistics":false,"apparelUsername":"walmart","enableSFL":true,"enablePickupNotAvailableVariation2":false,"enableSetPickupMutation":true,"enableGenericWalmartCash":true,"enableSlotShortcutImplicitIntent":false,"enableSFLGrid":false,"enableCrossPollination":false,"enableWirelessFreebiePromo":true,"enableMpPickupPhase2":false,"enableCartGIC":true,"enableRegistry":true,"enableLastCallPhase2":false,"disableCartIconPriceTotal":false,"enableShippingIntent":true,"enableExpressUpsell":false,"enableLeanMode":true,"enableCartWplusBannerTempo":true,"disableEstTotalOnMweb":false,"enableQueueing":true,"enableFFModuleHideUnhideCarrot":true,"enableProductTileV2":true,"enableEvergreenFee":true,"enableFulfillmentHeadersV2":true,"enableCompleteTheLookLabels":false,"leanModeRetryLimit":1,"enableLastCall":true,"enableFulfillmentGroupId":true,"enableAccSchedulingFindStores":true,"enableFPCEAosVariant":4,"enableOOSHotFix":true,"enableMiniCart":false,"enableFreeAmendAndReturn":false,"enableStarRatings":false,"enableFreeShippingAndPickup":true,"enableSFLPerformanceMode":false,"enableOnXoMoveOosToSfl":false,"enableSSR":false,"enableClearMergeCartSFL":true,"enableShopSimilar":true,"enableSFLSmileyPrice":false,"enableVisionItems":false,"enableATFGiftingUI":false,"enableCartBookslotShortcut":false,"enablePACCheckout":false,"enableCartWplusBannerShippingMoreThanMin":true,"enableEnhancedItemUpdates":true,"disableCartPartialIntentWarning":true,"initialSFLCount":10,"enableClearMergeCartId":true,"enableExpressReservationEndTime":false,"enableOrderCutOffTimeInline":false,"hideGuestXOCTA":true,"enableMultiline":true,"enableSplashRouteAddition":false,"enablePACAOSVariants":1,"disableItemLevelMSI":false,"enableGiftingCheckbox":true,"enableWplusRemoveBannersCardCheck":true,"enableAccModalOnItemPage":true,"enableSignInFromCart":true,"enableOOSAlertScroll":true,"enableStylisticsCLS":false,"disableGuestPartialXO":true,"savingsRecommendationTextV2":false,"calculateFooterPositionOnResize":true,"enableStoreSnackBarMessage":false}},"bookslot":{"_all_":{"enableEvergreenSlot":true,"enablePriorityTimesIntegratedSignup":true,"expressDeliveryOnlyStores":true,"enableWalmartPlusIntegratedSignUp":true,"hidePickupSlotPrice":true,"enableEvergreenHolidayDiscount":true,"enableWplusCashback":false,"enableUseCurrentLocation":true,"enableBlockRegistrantAddressDelivery":true,"enableEarliestAvailableSlotPreselection":false,"enableFulfillmentIntent":true,"enableInHomeAmPmSlotsPhase2":true,"enableUseCurrentLocationFromBrowser":false,"evergreenWPlusMemberHolidayDiscountStrikeoutPrice":"5","enableEarliestAvailableDayPreselection":false,"enableNoPickupSlotSelectionForDefaultStore":true,"nodeSelectableOnlineEnable":true,"enableStoreHours":true,"hideStoreChooserDefaultAlert":true,"enableWplusOldBannerUI":false,"tempoCacheExpirationInSeconds":300,"enableInhomeTipFreePriceLabel":true,"enableReservationNotAcceptableFix":true,"enableStoreSelectorFeedback":true,"enableStoreSelectorMarketplacePickup":true,"enableAllSlotsUnavailableMessageTypesFix":true,"enableACCStoreSelectorOnSlotsUnavailable":true,"enableFulfillmentOptionURLParam":true,"disableFreeDeliveryBannerForExpressOnlyStores":true,"enablePassCartIdAcidCheckStoreSelector":true,"enableInHomeAmPmSlots":true,"enableInHomeSlotsQueryHeader":true,"mergeSlotsEnable":true,"gmStoreMessageForNoUSPSlot":true,"enableZeroDeliverySlotPriceFree":false,"enableWirelessPostpaid":true,"projectThunderbolt":true,"enableACCStoreSelectorErrorHandling":true,"enableReReserveSlot":true,"enableEvergreenFee":true,"walmartPlusFreeDelivery":true,"enableDeliveryStoreSelectorInHomeSupport":false,"evergreenNonMemberHolidayDiscountStrikeoutPrice":"12.95","disableSlotShortcutInGIC":false,"alcoholRestrictedSlotsFilterEnable":true,"disableMergeAndGetCartCSR":true,"enableAvailableForInstallationText":true,"enableMultipleInhomeAddresses":false,"enablePassCartIdAcidCheck":true,"bookslotShortcutMaxSlotReqCount":21,"enableNoSlotPreselectionOnTabSwitch":false,"enableSlotPreSelectionV2":true,"enableUnauthorizedAccessToCartErrorFix":true,"enablePickupOnShippingIntent":true,"enableWalmartPlus":true,"enableDeliveryFromStoreInfoModule":true,"enableDeliveryAddressFromSlotData":true,"enableHideInstoreCheckmark":true,"enablePriorityTimes":true,"maxCountOfStoresForInventory":8,"enablePreselectionV2UserIntentOverReservation":false,"enableWplusRemoveBannersCardCheck":true,"enableCartFulfillmentOption":true,"enableBookslotMobileSticky":true,"enableNoSlotsAvailableScreen":true,"enableStoreSelectorUnauthorizedAccessToCartErrorFix":true,"enableEvergreenSlotBranding":true}},"header":{"_all_":{"hideServiceWidget":true,"showNavLinks":true,"fetchLocation":false,"maxCalloutsPerBSTC":4,"enableNavClickability":true,"enableMultipleInhomeAddresses":false,"enableReorder":false,"enableGoogleEnhancedPlaceActions":true,"enableGICAutoShowOnSessionStart":false,"showOptOut":false,"enabledGICRetentionPrompt":false,"enableL0SeoLinksForAllPage":false,"heartingEnhancementsEnable":false,"enableTADropdown":false,"enableGIC":true,"calloutViewsPerIdPerBSTC":1,"flyOutExpandOnClick":true,"enableWplusLogoOnSiteHeader":true,"navLinks":"'[{\"name\": \"Grocery\",\"link\": \"https://www.walmart.com/cp/1735450\"},{\"name\": \"Tech\",\"link\": \"https://www.walmart.com/cp/electronics/3944\"},{\"name\": \"Fashion\",\"link\": \"https://www.walmart.com/cp/clothing/5438\"},{\"name\": \"Home\",\"link\": \"https://www.walmart.com/cp/home/4044\"},{\"name\": \"Patio \u0026 garden\",\"link\": \"https://www.walmart.com/cp/patio-garden/5428\"},{\"name\": \"National donut day\",\"link\": \"https://www.walmart.com/shop/national-donut-day\"},{\"name\": \"Deals\",\"link\": \"https://www.walmart.com/shop/deals\"},{\"name\": \"Walmart+\",\"link\": \"https://www.walmart.com/plus\"}]'","isAlertBarEnabled":true,"fetchLocationCSROnLoad":true,"enableResponsiveHF":true,"calloutViewsPerIdPerVTC":2,"enableDeliveryStoreSelection":true,"calloutsEnabled":true,"enableL0SeoLinksForItemPage":true,"showAddressLineOne":true,"enableStickyGIC":true}},"pulse":{"_all_":{"alwaysAllowedTagList":"","logLevel":"info","enableBeaconDefer":false,"enableV1Schema":true,"enableQuantumMetric":true}},"footer":{"_all_":{"enableXOFeedback":true,"enableNativeAppDownloadBottomsheet":true,"enableDbQrDownloadBottomSheet":true,"timeIntervalInHoursNativeAppInstallPrompt":24,"dbQrDownloadBottomSheetSecondaryMessageText":"Use the app to get up-to-date store prices and find items with store maps.","timeIntervalInHoursDbQrNativeAppInstallBottomSheet":168,"enableShopOurBrandsSection":false,"isFullFooterEnabled":false,"feedbackFetchMigrationToPlatformFetch":true,"maxNumberOfDbQrDownloadBottomSheetViews":1,"hideGiveFeedbackSection":true,"enableEmailSignup":false,"dbQrDownloadBottomSheetPrimaryMessageText":"Want to check store prices?","enableQuickLinkSection":false,"enableNativeAppDownloadStickyBanner":true,"hideContactNumber":false,"enableInStoreWifiAppPrompt":true,"enablePrivacyLinkUpdate":true,"maxNumberOfNativeAppInstallPrompt":2,"enableForceB2BLogout":true}},"shared":{"_all_":{"enableGICBookslot":true,"cacheFullFooterVersion":1,"enableIbotta2xRewards":false,"enableEBTCheckBalance":true,"itemReservationsBannerText":"left to buy your item","enableSmileNowPricing":true,"enableEnhancedCarouselTiles":true,"substitutionItemPriceAndQuantityClarity":false,"accSlotShortcutMaxSlotCount":5,"enableDisplayStartTimeOnlyForACC":true,"enableFulfillmentDisplay":false,"enableCsp":true,"enableSmileSaveBadge":false,"enableWplusRetentionNudge":true,"enableLiquorBoxAlcoholExpansionCartBookslot":true,"enableInHomeGuidedDelivery":false,"cspReportOnlyOverrides":"","enableFullPageCart":true,"enableHubAndSpoke":true,"enableCartParallelFetch":true,"queueRefetchInterval":5000,"enableBuyNowWallet":true,"queueMaxRefetchDuration":900000,"subscriptionManagePageUrl":"/subscriptions/manage","enableAstCookie":true,"enableFPO":true,"enableFloatingAddToOrder":false,"enableDynamicOptionsFeedback":true,"enableSinglePageXO":true,"cacheFooterExpireDurationMs":600000,"tmxPathnameRulesDisallowCSV":"^/$,/ip/,/search,/browse,/shop","enableWplusSignUpOffer":true,"enableBuyNowSFLPrompt":false,"enablePetRxManualRefill":true,"substitutionsOptInClarity":true,"enableDynamicMainReducer":false,"helpLinkMPReturnPolicy":"https://www.walmart.com/help/article/walmart-marketplace-return-policy/63c3566a9d3546858582acae2fbfdb7e","enableBuyNowPromiseMessage":true,"helpLinkTermsOfUse":"https://www.walmart.com/help/article/walmart-com-terms-of-use/3b75080af40340d6bbd596f116fae5a0","enablePersistedQueries":true,"legacySiteEbtRedirectEnabled":false,"disableGetCartSSR":true,"enableAdSessionId":true,"cacheFullFooterExpireDurationMs":600000,"businessRewardsThresholdAmount":"{ \"default\": 250 }","helpLinkStorePurchase":"https://www.walmart.com/help/article/view-store-purchases/f56a1afbf3b5428bb69f0124daa49108","tmxPathnameRulesAllowCSV":"^/account/.*(profile|sign|balance),^/checkout/(review|pindrop)","enableCheckoutProp65":true,"enableLawnAndGarden":true,"enableGicEngagement":true,"enableEvergreenSlotBranding":true,"enableSlotsParallelFetch":true,"enableWalmartPlusFreeDiscountedExpress":true,"enableMPPickupBottomSheet":true,"enableExpressSla":true,"enableSinglePaymentForm":true,"aeModuleHeaderText":"Free pickup","enablePersistedCartId":true,"enableQueueSizeIncrease":true,"legacySiteDirectspendingRedirectEnabled":false,"enableACCSchedulingUpsell":false,"enableOutOfStockFiltering":false,"enableFeedbackSubmitPageType":true,"helpLinkMobileAlertsTerms":"https://www.walmart.com/help/article/mobile-alerts-terms-of-use/499122d9bba94d08b50e8facf42fcc82","enableBuyNowCXORedirect":false,"enableBuyNowFreeShippingNudge":false,"bookSlotPersistentFilterEnable":false,"enableHpRedesign":true,"enableAccUpsellVariant":1,"enableSpendAnalyticsPhaseTwo":false,"legacySiteNGRedirectEnabled":false,"cacheHeaderVersion":1,"enableBuyNow":true,"enableChargeForSubs":true,"enableNoOrderMinimumFee":false,"savingsRecommendationFlag":2,"cacheHeaderExpireDurationMs":600000,"enableACCShipInsteadCTA":false,"enableBuyNowSavings":false,"enableSmileWasPricing":false,"cvEndpoint":"rest","enableSinglePaymentFormWallet":true,"enableHPO":true,"enableQueueing":false,"enableWplusProgramId":false,"enableProductTileSmileyVariant":false,"helpLinkReturnRefunds":"https://www.walmart.com/help/channel/returns-and-refunds/5a33a1f61af8479e9d1bd8b727e9e761","foo":false,"enableBadges":true,"cacheFooterVersion":1,"enableWeeklyReservationCartBookslot":false,"enableRebrandRewardsToCash":false,"enableBenefitTracker":true,"placeholder":"US-B2C","enableAutoTmx":true,"enableBenefitBadge":true,"enableCSRBootstrapCall":true,"enableFeedbackGqlMigration":true,"legacySiteInhomeRedirectEnabled":false,"enableBuyNowAspectiva":false,"enableWaitingHallway":true,"enableGuidedDelivery":false,"queueTimeToCompletePurchase":10,"enableWmtpcBenefitCard":true,"beaconWithQuantumMetrics":false,"enableEnhancedCarouselTilesByCategory":"5438","enableGifting":true,"enableBuyNowAOS":false,"enableBuyNowTYUrl":false,"enablePartialSwitchModuleLevelCartBookslot":false,"disableAuthHeaderCheck":false}},"homepage":{"_all_":{"delayFirstHeroPovTime":false,"seoTitle":"Walmart.com | Save Money. Live Better","seoKeywords":"Walmart,Walmart.com,Online Shopping,Gifts,Toys,Home,Jewelry,TVs,HD TVs,Smart TVs,Electronics,Baby Products,Video Games,Computers,Laptops,Cell Phones,Games,Apparel,Clothing,Fashion,Accessories,Shoes,Watches,Sports \u0026 Outdoors, Sporting Goods,Office Products,Health,Vitamins,Personal Care,Beauty Products,Garden,Bed,Bath,Furniture,Tools,Hardware, Vacuums,Outdoor Living,Automotive Parts,Pet Food,Pet Supplies,iphone","enableSubNavigation":false,"homePageLayout":"enableMiniHeroPOV","featureImageSizeEnum":2,"reservationExpiryMessageWindowDurationInSeconds":10800,"enableHomeApiSplit":true,"enableLazyLoadOnScroll":true,"enableDepartmentGridDesign":true,"enableUseAmendableOrderData":true,"enableSwatchOptionsRedesign":false,"optimizeHeroPovPreloads":"downloadFirstHeroImageWithHighPriority","enableSwatchOptions":true,"enableGutterBgColor":false,"seoDescription":"Shop Walmart.com today for Every Day Low Prices. Join Walmart+ for unlimited free delivery from your store \u0026 free shipping with no order minimum. Start your free 30-day trial now!","smileVariation":2,"enablePerfLogging":false,"delayHeroPovPlay":false,"enableHomePageExpiryTimeWithPlaceholder":false,"enableCPHOrderTracking":false,"clientFetchTimeoutMs":5000,"isWplusFreeDelivery":true,"bookslotInHomeEnabled":true,"enableMiniHeroPOV":false}},"ads":{"_all_":{"spSvplaysInline":true,"cpMq1RenderEnable":false,"spSvLoopCompleteEventEnable":true,"ipMq1RenderEnable":true,"ipMq1DSPEnable":true,"enableHpRedesignXPA":true,"bpMq2Measure1PEnable":true,"measure3PImpEnable":true,"ipBr1VideoDSPEnabled":true,"adPreviewMode":false,"spSvInViewRemoveVideoData":true,"adsHpControlGroupXpa":"T0FRM,HP1Ng,YJYo7,YzvhK","hpMq1Measure1PEnable":true,"enableVideoTracker":true,"hpMq1Measure3PEnable":true,"bpSpc1ReqEnable":true,"sbaUiEnhanceEnable":false,"displayCheckIp":false,"spSvUiAlphaUpdate":true,"cartP13nMeasure1PEnable":true,"cpSkRenderEnable":false,"hpRedesignVisitedXpa":"hprXp","spSvHideTabletVideo":true,"shpSkRenderEnable":true,"adsControlGroupXpa":"T0FRM,HP1Ng,YJYo7,YzvhK","moatRefactorEnable":false,"bpSpc1Measure1PEnable":true,"fillEmptyLocWithProductLocEnable":false,"typMq1ReqEnable":true,"bpMq1DSPEnable":true,"sbaMwebRedesignV2Enable":false,"hpGalRenderEnable":true,"adSPIncrementDecrementCheck":true,"hpGpbFs1Measure3PEnable":true,"odpSkMeasure1PEnable":true,"spMq1Measure1PEnable":true,"odpSkReqEnable":true,"typMq1Measure1PEnable":true,"defaultLocationZipCode":"","bpMq1Measure1PEnable":true,"spMq2ReqEnable":true,"dspViewabilityTracking":true,"bpSkRenderEnable":true,"openRTBDisplayAdsBundleSafeframeURL":"https://i5.walmartimages.com/dfw/63fd9f59-afe1/7adb6fe1-4149-4ebe-b4c7-2ea1921d4a19/v34/openrtb-template-wrapper.html","hpTpFs2ReqEnable":true,"ipBbReqEnable":true,"shpSingleTTO2Measure3PEnable":true,"displayPreviousRenderCheck":true,"enableGalleryItemChanges":true,"hpMq1ReqEnable":true,"bpBigMeasure1PEnable":true,"sbaMwebRedesignV1Enable":true,"ipSkMeasure3PEnable":true,"spVideoAdsMobileStyling":true,"hpMq2Measure3PEnable":true,"bpMq2Measure3PEnable":true,"displayDeduplication":true,"ipGalTopMeasure1PEnable":false,"ipSkRenderEnable":true,"cpMq2RenderEnable":false,"enableSponsoredRedirectParam":true,"ipMq2RenderEnable":true,"phSkMeasure1PEnable":true,"ipGalMiddleMeasure1PEnable":false,"phSkReqEnable":true,"spGalRenderEnable":false,"enableGalleryMultipleLocations":true,"hpGalReqEnable":true,"enableGalleryV2Design":true,"useLegacyBtfCmp":false,"adResponseBeaconRefactorEnable":true,"hpTpFs2RenderEnable":true,"displayOrderDeduplication":true,"bpMq2ReqEnable":true,"spMq1RenderEnable":true,"spMq1DSPEnable":true,"displayPoVAdBlockerEnable":true,"enableProductBrandOnBeacon":false,"shpSingleTTO1Measure3PEnable":true,"ipGalMiddleReqEnable":false,"hpGalMiddleReqEnable":true,"adsXpa":"uzqvZ,CIp98,MczYX,fMDaZ,Cxex4,jfBfA,L08SY,FVa_h,gy6TO,pPfKs,T0FRM,pGmuy,WWzc1,HP1Ng,R2Fan,qk7Ja,YzvhK,prFpU,YJYo7,Sn9ey,ZwAjn,sarso,eN87W,lWnym,rmvIk,pLKtx,ZgSVh,8nAQE,MjQX0","contentPageClickBeaconEnable":true,"typMq1RenderEnable":true,"bpMq2DSPEnable":true,"hpMq2RenderEnable":true,"bpMq2RenderEnable":true,"spSvViewableBeaconEnable":true,"bpGalMeasure1PEnable":false,"useSearchBrowseBtfCmp":false,"spSvV2HookEnable":true,"phSkConfigLazy":400,"hpGpbFs1ReqEnable":true,"bpGalRenderEnable":false,"ipBr1RenderEnable":true,"enableSeasonalColorOption":false,"spSvLazyLoadingEnable":true,"ipGalMiddleRenderEnable":false,"enableBrandBoxEarlyLoad":false,"hpGpbFs1Measure1PEnable":true,"odpSkMeasure3PEnable":true,"spGalMeasure1PEnable":false,"typSkRenderEnable":true,"hpP13nMeasure1PEnable":true,"typSkMeasure1PEnable":true,"spSvGridPositionBeacon":true,"ipSpc1ReqEnable":true,"phSkConfigModuleLocation":"top","shpSingleTTO2ReqEnable":true,"lazyRenderCmp":false,"displayIdentifyAdServer":true,"ipMq2DSPEnable":true,"typSkReqEnable":true,"safeframeURL":"https://i5.walmartimages.com/dfw/63fd9f59-d6ba/07b8ea82-184c-4ea3-8ac0-5dc1981e40c8/v33/safeframe.html","displayPPMMode":true,"ipSpc1Measure1PEnable":true,"shpSingleTTO2Measure1PEnable":true,"addSpVideoNaBeacon":true,"spMq1ReqEnable":true,"ipBr1MinScreenHeight":768,"ipP13nMeasure1PEnable":true,"enableAdSmilePricing":true,"hpTpFs1ReqEnable":true,"enableLegalDisclaimerSponsored":true,"shpSkMeasure1PEnable":true,"hpGalMiddleMeasure3PEnable":true,"enableSvTestAds":false,"hpPovLockoutPriorityEnable":true,"adPreviousResponseNullCheck":false,"bpGalReqEnable":false,"spSkDSPEnable":true,"ipSkReqEnable":true,"enableGetPvId":true,"bpSkReqEnable":true,"videoEarlyloadOffset":1200,"shpSingleTTO2RenderEnable":true,"adShowAtcFieldEnable":true,"hpTpFs1Measure1PEnable":true,"shpSingleTTO1RenderEnable":true,"videoCCEnable":true,"hpMq2DSPEnable":true,"spSkRenderEnable":true,"spSvAutoGenCcDisclaimerEnabled":true,"displayUnitWrapperUnmount":true,"updateAdV2QueryUbsEnable":true,"ipBr1Measure3PEnable":true,"hpTpFs1Measure3PEnable":true,"bpSkDSPEnable":true,"phSkRenderEnable":true,"ipBr1Measure1PEnable":true,"adManualShelfIdCheck":true,"hpGalMeasure3PEnable":true,"hpGalMeasure1PEnable":true,"ipGalTopReqEnable":false,"enableMyitemsBlending":false,"spSvContainerEnable":true,"spSkMeasure1PEnable":true,"displaySbaLogospQs":true,"adSpClipBeaconEnable":true,"spSkMeasure3PEnable":true,"spGalReqEnable":false,"spSigMeasure1PEnable":true,"hpTpFs2Measure3PEnable":true,"hpTpFs2Measure1PEnable":true,"ipBr1EarlyLoadRootMargin":0,"videoPerformanceTrackerEnable":false,"odpSkRenderEnable":true,"hpGalMiddleMeasure1PEnable":true,"spGalMeasure3PEnable":false,"shpSkReqEnable":true,"hpGpbFs3ReqEnable":true,"spIbottaEnable":true,"hpGpbFs3RenderEnable":true,"hpGpbFs2RenderEnable":true,"defaultLocationStateCode":"","displaySpMyItems":true,"typSkMeasure3PEnable":true,"buyBoxVariations":"3","updateAdV2Query2StoreEnable":false,"enableSearchGalleryMaxWidth":false,"ipMq1Measure1PEnable":true,"odpSkConfigModuleLocation":"top","spSkReqEnable":true,"ipMq2Measure3PEnable":true,"hpGpbFs2Measure1PEnable":true,"enableMyitemsSortPlacementBeacon":true,"hpGpbFs1RenderEnable":true,"blockInternal":true,"display3PVisibilityCheck":true,"shpSkMeasure3PEnable":true,"hpGpbFs3Measure3PEnable":true,"ipMq2ReqEnable":true,"disableLowPriorityBeacons":false,"spMq2Measure3PEnable":true,"adResponseBeaconEnable":true,"shpSingleTTO1ReqEnable":true,"displayProductPos":true,"ipGalTopRenderEnable":false,"spMq2Measure1PEnable":true,"hpTpFs3Measure3PEnable":true,"hpTpFs3Measure1PEnable":true,"hpTpFs1RenderEnable":true,"cacheBusterTimeDiffMs":180000,"enableStackedRecallTracking":true,"odpSkConfigLazy":400,"hpTpFs3RenderEnable":true,"ipBr1VideoMeasure3PEnable":false,"enableMyitemsAtcSortPlacementBeacon":true,"videoMaxHeight":360,"dspProcessingEnable":true,"hpFontStyleFix":true,"enableGalleryReRender":false,"bpSkMeasure1PEnable":true,"bpSkMeasure3PEnable":true,"ipBr1DSPEnable":true,"spMq2RenderEnable":true,"ipSpc2Measure1PEnable":true,"enableDisclaimerIconVar1":true,"spSvMeasure1PEnable":true,"shpSingleTTO1Measure1PEnable":true,"myitemsMeasure1PEnable":true,"currCpSafeframeURL":"https://i5.walmartimages.com/dfw/63fd9f59-afe1/7adb6fe1-4149-4ebe-b4c7-2ea1921d4a19/v12/safeframe-content-page.html","spSvVideoTrackingEnable":true,"bpMq1ReqEnable":true,"displayAddlInfo":true,"spSbaReqEnable":true,"spSvPerformanceTrackingEnable":false,"bpMq1RenderEnable":true,"viewableBeaconFix":true,"moatIvt":"https://www.walmart.com/swag/v2/ip-rd","adsQuickshopBeaconEnable":true,"hpGpbFs2ReqEnable":true,"ipBbMeasure1PEnable":true,"ipSpc2ReqEnable":true,"hpMq1RenderEnable":true,"hpGalMiddleRenderEnable":true,"bpGalMeasure3PEnable":false,"hpTpFs3ReqEnable":true,"pacP13nMeasure1PEnable":true,"displayProductsPos":false,"spSvMwebLoadingFixEnable":true,"hpMq1DSPEnable":false,"typMq1Measure3PEnable":true,"enableGalleryTitle":true,"hpOldPageVisitedXpa":"hpXpa","safeframeTemplatesEnable":true,"ipSkMeasure1PEnable":true,"adViewableGmBeaconCheck":true,"spMq1Measure3PEnable":true,"ipMq1Measure3PEnable":true,"ipBbLazyLoadingEnable":false,"phSkMeasure3PEnable":true,"spSbaMeasure1PEnable":true,"hpGpbFs3Measure1PEnable":true,"bpMq1Measure3PEnable":true,"ipMq1ReqEnable":true,"spSvRenderEnable":true,"ipSkDSPEnable":true,"ipMq2Measure1PEnable":true,"hpMq2Measure1PEnable":true,"ipGalTopMeasure3PEnable":false,"spSpc1ReqEnable":true,"spSvReqEnable":true,"adCategoryTakeoverCheck":true,"hpGpbFs2Measure3PEnable":true,"hpMq2ReqEnable":true,"enableVideoUIErrorState":true,"spMq2DSPEnable":true,"spSpc1Measure1PEnable":true,"ipBr1ReqEnable":true,"ipGalMiddleMeasure3PEnable":false}}},"membership":{"data":{"shouldShowWplusLogo":true}}},"enableGqlCsrRedirect":true,"nonce":"9ENHnWq8u8o8Zbyq","persistedQueriesConfig":{"allowList":[""],"blackList":[""],"enableAllowList":false,"enablePersistedQueries":true},"excludeBeacon":false,"isNextPublicMocksEnabled":false,"adSessionId":"9668f3d990afdfffcd4ea811d74fd52c"}},"page":"/","query":{},"buildId":"production_20230622T151332601Z-en-US","assetPrefix":"https://i5.walmartimages.com/dfw/63fd9f59-1620/44d98f6c-ab66-4b83-b997-564f27fa7dc2/v2/en-US","runtimeConfig":{"nxApplicationName":"US-JOURNEY","isDev":false,"enableLatencyTrace":true,"tenant":"WM_GLASS","vid":"oaoh","tenantV2":{"bu":"WALMART-US","mart":"B2C"},"mockURL":"http://mock-backend.dev.walmart.com/","mock":true,"endpointMappings":{"operations":{"query configuration":"cegateway","query RewardsHistoryPage":"cegateway","query ContentPage":"cegateway","query BrandPage":"cegateway","query checkItemCartEligibility":"cecxo","mutation MergeAndGetCart":"cecxo","query getGuestOrder":"cegateway","query PurchaseHistory":"cecph","mutation NotifyCapOneBannerSnooze":"cegateway","mutation CancelOrder":"cecph","query LastCallPage":"cegateway","query AdV2Display":"adsgateway","query GetCommPreference":"cegateway","query PurchasedProtectionPlans":"cecph","query ProtectionPlanDetail":"cecph","query subscriptions":"cegateway","query NodeDetailQuery":"cegateway","query NearbyNodesQuery":"cegateway","query LocalStoreContentQuery":"cegateway","query CartSubstitutions":"cegateway","query CartShopSimilar":"cegateway","query GetEarlyAccessLearnMoreData":"ceaccount","query PostCartLoadPage":"cegateway","query SearchStore":"cegateway","query LocalStoreCategoryContent":"cegateway","query nodeDetails":"cegateway","query storeFinderNearbyNodesQuery":"cegateway","mutation CreateInsuranceSalesLead":"wellness","mutation setPickup":"cecxo","query getCart":"cegateway","query feedShowCategories":"cegateway","query feedsByStatus":"cegateway","query feedShow":"cegateway","query feedsByStatusPaginated":"cegateway"},"queryStrings":{"step=cart":"cecxo","step=bookslot":"cecxo","entitytype=*":"ceorders","state=*":"ceorders","source=*":"ceorders"},"pages":{"*":"cegateway","/":"cegateway","/hp-redesign":"cegateway","/404":"cegateway","/acc/garage":"cegateway","/account/*":"cegateway","/all-departments":"cegateway","/browse/*":"cegateway","/c/[...seo]":"cegateway","/c/auto-directory/*":"cegateway","/ci-control":"cegateway","/cp/[...categoryParams]":"cegateway","/content/[...categoryParams]":"cegateway","/brand/[...brandParams]":"cegateway","/help/*":"cegateway","/i/*":"cegateway","/ip/[...itemParams]":"cegateway","/lists/*":"cegateway","/my-items":"cegateway","/my-registries":"cegateway","/shop/*":"cegateway","/shop/[...seo]":"cegateway","/nonprofits/*":"cegateway","/orders/*":"ceorders","/partner/plus/*":"cegateway","/plus/*":"cegateway","/wp/*":"cegateway","/product/[...itemParams]":"cegateway","/registry/*":"cegateway","/reviews/*":"cegateway","/search/*":"cegateway","/seller/*":"cegateway","/services":"cegateway","/store":"cegateway","/store/[storeId]":"cegateway","/store/[storeId]/[...contentType]":"cegateway","/sparkgood/*":"cegateway","/thankyou":"cecxo","/thankyou/pindrop":"cecxo","/topic/[...seo]":"cegateway","/tp/*":"cegateway","/update-payment-method-form":"cegateway","/update-payment-method":"cegateway","/wallet/associate-discount":"cegateway","/subscriptions/manage":"cegateway","/cart":"cecxo","/pac":"cecxo","/updatecart":"cecxo","/shopwithme/*":"cegateway","/rewards-history":"cegateway","/global/*":"cegateway","/global/[...seo]":"cegateway","/live-next":"cegateway","/live-next/browse":"cegateway","/savings":"cegateway","/live-next/shows":"cegateway","/g/*":"cegateway","/g/[...seo]":"cegateway","/gic":"cegateway","/fittingroom":"cegateway"}},"googleMaps":{"checkAddressAPIKey":"AIzaSyCX5gh3yoq4316wUDxRpljFOwWA6_-BEMg","addressAPIKey":"AIzaSyBIAnB1a3UejjFVRNtszhaEE8yrKySRTEo","geoCodingAPIKey":"AIzaSyBvv63fBVZ1RtNJLGkN9XCFE1WfVl0o1HY","riseMapAPIKey":{"dev":"AIzaSyA9K6pBcYvCp4_FxKHsPi-JDJfvcvSbtp0","defaultKey":"AIzaSyA0Gi6N7afDzAqBiPI3MlWDMaaxC5xKldM"}},"membershipConfig":{"showWPlusBanner":true},"pulseBeacon":{"enable":true,"hostname":"i5.walmartimages.com","bd":"beacon.walmart.com","bh":"beacon.lightestwithqm.walmart.com","hostWithQM":"beacon.lightestwithqm.walmart.com","hostWithoutQM":"beacon.lightest.walmart.com","photoHost":"beacon.photowithqm.walmart.com","photoHostWithoutQM":"beacon.photo.walmart.com"},"perimeterX":{"enable":true,"initScript":"https://www.walmart.com/px/PXu6b0qd2S/init.js"},"identity":{"context":{"signOutUrl":"/account/logout","signInPathname":"/account/login","createAccountPathname":"/account/signup","tenants":[{"host":{"stage":"business-stage.walmart.com","teflon":"business-teflon.walmart.com","production":"business.walmart.com"},"mart":"B2B","templates":["B2BSignUpPage","B2BSignInPage","B2BSignInWithPasswordOnlyPage","B2BSignInWithOTPChoicePage","B2BSignInWithOTPOnlyPage"]}],"marketingEmails":true,"rightsReservedText":"","footerOptions":[]},"authFrameRoutes":{"frame":"/account/login","reauthFrame":"/account/login","gxoSignup":"/account/signup/gxo","gxoSignin":"/account/login"}},"threatMetrix":{"enable":true},"paymentsPageUrl":"https://wallet.walmart.com/payments?wv=main","paymentsChooserPageUrl":"https://wallet.walmart.com/payments/chooser","walletPageUrl":"https://wallet.walmart.com/payments/wallet","ads":{"env":"production","host":"https://www.walmart.com","moatId":"WALMART_DISPLAY_S2S1","moatVideoId":"WALMART_VIDEO_S2S1"},"moatIvt":"https://www.walmart.com/swag/v2/ip-rd","rewardsTravelUrl":"https://walmartplustravel.com/trips","appVersion":"main-1.81.0-f787e7-0622T1507","appSha":"719b966ed5eab1d8f96b4543800d5a8acb5fc691","profile":"production","tmxOrgId":"hgy2n0ks","dataCenter":"scus","queryContext":{"appVersion":"main-1.81.0-f787e7-0622T1507","gql":{"endpointsByName":{"ceaccount":"/orchestra/account/graphql","cecxo":"/orchestra/cartxo/graphql","cecph":"/orchestra/cph/graphql","adsgateway":"/swag/graphql","aroundme":"/around-me/graphql","ceorders":"/orchestra/orders/graphql","cegateway":"/orchestra/home/graphql","wellness":"https://developer.api.us2.walmart.com/api-proxy/service/hw/wellnessplusservice/v1/graphql"}},"rest":{"endpointsByName":{"cereturns":"/orchestra/api/returns","ceaccount":"/orchestra/api/account","cehelp":"/orchestra/help/api","cehelpchat":"/orchestra/helpChat/api","ceidentity":"/orchestra/account/electrode/api/identity","typeahead":"/typeahead/v3/complete","espvalidation":"/esp/prepaid/v1/plans","warppaymentoptions":"/orchestra/api/online/variantbasic/item","cewarp":"/orchestra/api/warp","ceccm":"/orchestra/api/ccm/v2/bootstrap","cewireless":"/orchestra/api/wireless","storeservices":"/graphql","fuelPrices":"/graphql","feedbackSubmit":"/orchestra/api/customer-survey/submit","quimbyMobile":"/orchestra/api/tempo","shopwithme":"/feeds"}}}},"isFallback":false,"dynamicIds":[419714,249577,575619],"customServer":true,"gip":true,"appGip":true,"locale":"en","locales":["en","es"],"defaultLocale":"en","scriptLoader":[]}</script><script id="release-metadata" type="application/json" nonce="">{"appVersion":"main-1.81.0-f787e7-0622T1507","dataCenter":"scus"}</script><script nonce="">window.SW_DOMAIN = "walmart.com"</script><script nonce="">(function(e){var t=e.document;BOOMR=e.BOOMR||{};BOOMR.plugins=BOOMR.plugins||{};var n={localStorageTestKey:"TorbitLSTest",pageTags:[],pageConversions:[],initHasRun:false};BOOMR.plugins.pageMeta={init:function(r){initHasRun=true;try{localStorage.setItem(n.localStorageTestKey,n.localStorageTestKey);localStorage.removeItem(n.localStorageTestKey);BOOMR.addVar("ls",1)}catch(i){BOOMR.addVar("ls",0)}if(e.location.protocol=="https:")BOOMR.addVar("prt",1);else BOOMR.addVar("prt",0);BOOMR.addVar("ref",t.referrer);if(e.performance&&e.performance.memory){for(m_name in e.performance.memory){if(e.performance.memory.hasOwnProperty(m_name)){BOOMR.addVar(m_name,e.performance.memory[m_name])}}}BOOMR.addVar("wH",e.innerHeight||t.body.clientHeight||t.documentElement.clientHeight);BOOMR.addVar("tags",n.pageTags.join("|"));return this},addTag:function(e){n.pageTags.push(e);if(!n.initHasRun){return}BOOMR.addVar("tags",n.pageTags.join("|"))},addConversion:function(e,t){var r=e;if(t&&(t>0||t.length>0))r=e+"="+t;n.pageConversions.push(r);BOOMR.addVar("conversion",n.pageConversions.join("|"))},is_complete:function(){return true}}})(window);(function(e){try{e._tbq=e._tbq||[];_tbq.push=function(e){if(e.length<1||!e[0])return;switch(e[0]){case"tag":if(e.length<2)return;BOOMR.plugins.pageMeta.addTag(e[1]);break;case"startTimer":if(e.length<2)return;BOOMR.plugins.customEvents.startTimer(e[1]);break;case"endTimer":if(e.length<2)return;BOOMR.plugins.customEvents.endTimer(e[1]);break}};for(i in _tbq){if(_tbq.hasOwnProperty(i)&&i!="push"){_tbq.push(_tbq[i]);delete _tbq[i]}}}catch(t){}})(window);</script><script nonce="">window._pxAppId = 'PXu6b0qd2S'</script><iframe src="./order_files/tapframe.html" referrerpolicy="no-referrer-when-downgrade" title="empty" tabindex="-1" aria-label="empty" aria-hidden="true" style="width: 0px; height: 0px; border: 0px; display: inherit;"></iframe><script async="async" defer="defer" src="./order_files/init.js" nonce=""></script><noscript><img src="https://www.walmart.com/akam/13/pixel_618ab6e0?a=dD00MDExMjZlYzYzMTAzZmJhMTU2YWRlZGY4NmE4YjRmYmFlODZmNTAzJmpzPW9mZg==" style="visibility: hidden; position: absolute; left: -999px; top: -999px;" /></noscript><next-route-announcer><p aria-live="assertive" id="__next-route-announcer__" role="alert" style="border: 0px; clip: rect(0px, 0px, 0px, 0px); height: 1px; margin: -1px; overflow: hidden; padding: 0px; position: absolute; width: 1px; white-space: nowrap; overflow-wrap: normal;">/orders/200011054626160</p></next-route-announcer><script src="./order_files/account-7cd1dcef8d95f156.js"></script><script src="./order_files/ui_pagination_pagination-e92e1acc7aee31ab.js"></script><script src="./order_files/repurchase_quick-add_locale_messages-d021e2c2be488171.js"></script><script src="./order_files/repurchase_quick-add_components_quick-add-popup-0242f5cab7571699.js"></script><script src="./order_files/ui_substitutions_substitutions-1393e10fe8287796.js"></script><script src="./order_files/my-items-41759cea9d67a16c.js"></script><script src="./order_files/item_data-hooks_item-data-hooks-1e0bbf410d145aca.js"></script><script src="./order_files/ui_event-timer_queue-timer-a52c3eae89666d55.js"></script><script src="./order_files/ui_collapsed-item-list_collapsed-item-list-940701e08d3774b1.js"></script><script src="./order_files/marketplace_product-seller-info_product-seller-info-d4d85d9cc4ea9b47.js"></script><script src="./order_files/cart_data-access_hooks_use-get-cart-query-info-b44fa76a4643c6b6.js"></script><script src="./order_files/cart_data-access_hooks_cart-fsm-418cfd1ed2663632.js"></script><script src="./order_files/ui_order-banner_use-time-left-8f5fd674018e7057.js"></script><script src="./order_files/orders_ost-progress-bar_ost-progress-bar-33f15a3a448b8f1e.js"></script><script src="./order_files/livingdesign_deprecated-components_CardV2-cd11ede34a52b514.js"></script><script src="./order_files/item_page-context_store_item-page-store-1cc5bf34fea12cee.js"></script><script src="./order_files/orders_analytics_beacon-payload-74c2b0b46faa1870.js"></script><script src="./order_files/orders-73b0cef2df74da09.js"></script><script src="./order_files/ui_interactive-rating_interactive-rating-88fecb71d8f2155b.js"></script><script src="./order_files/item_reviews_queries_write-review-by-id-query-5db55e5f4ecca843.js"></script><script src="./order_files/write-review-ff1a91c24e84645c.js"></script><script src="./order_files/node_modules_.pnpm_react-hook-form@6.12.1_react@17.0_node_modules_react-hook-form_dist_index.esm-fa4322015d546315.js"></script><script src="./order_files/node_modules_.pnpm_react-google-places-autocomplete@3.3_node_modules_react-google-places-autocomplete_build_index.es-8763765069d8049d.js"></script><script src="./order_files/account_data-access_locale_messages-d1ce64157d9faf94.js"></script><script src="./order_files/account_data-access_address-queries-dd3ac437660a72b6.js"></script><script src="./order_files/account_address-form_address-auto-complete-6e19af4e524a7182.js"></script><script src="./order_files/account_address-form_delivery-address-form_delivery-address-form-base-908e9e8f98f08408.js"></script><script src="./order_files/cart_address-selection-form_address-tile-lists-13b65956df404eb2.js"></script><script src="./order_files/ui_rewards_locale_messages-9d9bda792b66579f.js"></script><script src="./order_files/orders_ui_order-item-tile_add-ons-d2c285d0f73965bb.js"></script><script src="./order_files/orders_ui_payment-card-logo-58bf0af754ffb341.js"></script><script src="./order_files/ui_rewards_wplus-special-reward-56ff4b2fe27a2733.js"></script><script src="./order_files/livingdesign_deprecated-components_TextArea-9bda1ea602251380.js"></script><script src="./order_files/account_data-access_address-form-constants-bde61b01ea8bc1ec.js"></script><script src="./order_files/orders_returns_components_constant-e4eeca62ee279174.js"></script><script src="./order_files/orders_details-page_delivery-details_delivery-address-610d2e8be3c3898f.js"></script><script src="./order_files/orders_tip_components_driver-image-715b1c7698315587.js"></script><script src="./order_files/[orderId]-5a47c565235b994a.js"></script><script src="https://i5.walmartimages.com/dfw/63fd9f59-1620/44d98f6c-ab66-4b83-b997-564f27fa7dc2/v2/en-US/_next/static/chunks/node_modules_.pnpm_@walmart+use-safeframe@0.3.0_react@17.0_node_modules_@walmart_use-safeframe_lib_index-afc9e328eb6d2234.js"></script><script src="https://i5.walmartimages.com/dfw/63fd9f59-1620/44d98f6c-ab66-4b83-b997-564f27fa7dc2/v2/en-US/_next/static/chunks/wallet_data-access_locale_messages-382be32f22a654bc.js"></script><script src="https://i5.walmartimages.com/dfw/63fd9f59-1620/44d98f6c-ab66-4b83-b997-564f27fa7dc2/v2/en-US/_next/static/chunks/ui_credit-card-logo_credit-card-logo-a30b0e25de878d22.js"></script><script src="https://i5.walmartimages.com/dfw/63fd9f59-1620/44d98f6c-ab66-4b83-b997-564f27fa7dc2/v2/en-US/_next/static/chunks/wplus_pause-membership-page_pause-membership-context-5b32b13cfda5a20d.js"></script><script src="https://i5.walmartimages.com/dfw/63fd9f59-1620/44d98f6c-ab66-4b83-b997-564f27fa7dc2/v2/en-US/_next/static/chunks/ads_ui_video_video-player-69a90d25e03269a1.js"></script><script src="https://i5.walmartimages.com/dfw/63fd9f59-1620/44d98f6c-ab66-4b83-b997-564f27fa7dc2/v2/en-US/_next/static/chunks/cart_use-step_use-step-navigation-5036db46be900106.js"></script><script src="https://i5.walmartimages.com/dfw/63fd9f59-1620/44d98f6c-ab66-4b83-b997-564f27fa7dc2/v2/en-US/_next/static/chunks/ads_core_components_ads-error-boundary-471c46a084e457e6.js"></script><script src="https://i5.walmartimages.com/dfw/63fd9f59-1620/44d98f6c-ab66-4b83-b997-564f27fa7dc2/v2/en-US/_next/static/chunks/cart_data-access_hooks_set-pickup-388d0ec77ab26676.js"></script><script src="https://i5.walmartimages.com/dfw/63fd9f59-1620/44d98f6c-ab66-4b83-b997-564f27fa7dc2/v2/en-US/_next/static/chunks/livingdesign_deprecated-components_CardV2-c39e1759b3191b4a.js"></script><script src="https://i5.walmartimages.com/dfw/63fd9f59-1620/44d98f6c-ab66-4b83-b997-564f27fa7dc2/v2/en-US/_next/static/chunks/checkout_store-chooser-data-access_hooks_use-near-by-nodes-1641ec09365cd0fd.js"></script><script src="https://i5.walmartimages.com/dfw/63fd9f59-1620/44d98f6c-ab66-4b83-b997-564f27fa7dc2/v2/en-US/_next/static/chunks/livingdesign_deprecated-components_Container-617bdd3051086a48.js"></script><script src="https://i5.walmartimages.com/dfw/63fd9f59-1620/44d98f6c-ab66-4b83-b997-564f27fa7dc2/v2/en-US/_next/static/chunks/ads_ui_btf_brand-box-wrapper-ff20c345124b14ea.js"></script><script src="https://i5.walmartimages.com/dfw/63fd9f59-1620/44d98f6c-ab66-4b83-b997-564f27fa7dc2/v2/en-US/_next/static/chunks/lists_data-access_helpers_add-items-analytics-c0eb55a8bd43600f.js"></script><script src="https://i5.walmartimages.com/dfw/63fd9f59-1620/44d98f6c-ab66-4b83-b997-564f27fa7dc2/v2/en-US/_next/static/chunks/cart_add-on-services_add-on-services-ca8102e1af6d5868.js"></script><script src="https://i5.walmartimages.com/dfw/63fd9f59-1620/44d98f6c-ab66-4b83-b997-564f27fa7dc2/v2/en-US/_next/static/chunks/item_buy-box_add-to-cart-section-51ecdbdf2ec3219b.js"></script><script src="https://i5.walmartimages.com/dfw/63fd9f59-1620/44d98f6c-ab66-4b83-b997-564f27fa7dc2/v2/en-US/_next/static/chunks/item_hero_hero-image_horizontal-hero-carousel-with-vto-a5f2f15b0ef6baf9.js"></script><script src="https://i5.walmartimages.com/dfw/63fd9f59-1620/44d98f6c-ab66-4b83-b997-564f27fa7dc2/v2/en-US/_next/static/chunks/item_hero_zeekit_zeekit-context-0cde505c3cb789bf.js"></script><script src="https://i5.walmartimages.com/dfw/63fd9f59-1620/44d98f6c-ab66-4b83-b997-564f27fa7dc2/v2/en-US/_next/static/chunks/pages/ip/%5B...itemParams%5D-0b9123136c0daa59.js"></script><script src="https://i5.walmartimages.com/dfw/63fd9f59-1620/44d98f6c-ab66-4b83-b997-564f27fa7dc2/v2/en-US/_next/static/chunks/account_data-access_hooks_use-get-account-landing-74ebaf284fd21108.js"></script><script src="https://i5.walmartimages.com/dfw/63fd9f59-1620/44d98f6c-ab66-4b83-b997-564f27fa7dc2/v2/en-US/_next/static/chunks/account_ui_account-page-wrapper-b628dbd6d99d537a.js"></script><script src="https://i5.walmartimages.com/dfw/63fd9f59-1620/44d98f6c-ab66-4b83-b997-564f27fa7dc2/v2/en-US/_next/static/chunks/nonprofits_data-access_constants-e866b22976676a56.js"></script><script src="https://i5.walmartimages.com/dfw/63fd9f59-1620/44d98f6c-ab66-4b83-b997-564f27fa7dc2/v2/en-US/_next/static/chunks/nonprofits_spark-good-page_locale_messages-3dcb191d0cd8c8fa.js"></script><script src="https://i5.walmartimages.com/dfw/63fd9f59-1620/44d98f6c-ab66-4b83-b997-564f27fa7dc2/v2/en-US/_next/static/chunks/pages/account/spark-good-45383a4c112b3c23.js"></script></body><div id="simplifyJobsContainer"><span><template shadowrootmode="open"><link rel="stylesheet" href="chrome-extension://pbanhockgagggenencehbnadejlgchfc/css/styles.css"><style>
  :host {
    all: initial;
    line-height: 1.5;
    -webkit-text-size-adjust: 100%;
    -moz-tab-size: 4;
    -o-tab-size: 4;
    tab-size: 4;
    font-family: Palanquin, ui-sans-serif, system-ui, -apple-system, BlinkMacSystemFont, "Segoe UI", Roboto, "Helvetica Neue", Arial, "Noto Sans", sans-serif, "Apple Color Emoji", "Segoe UI Emoji", "Segoe UI Symbol", "Noto Color Emoji";
  }
  * {
    scrollbar-width: thin;
    scrollbar-color: rgba(203, 213, 225, 1) transparent;
  }
  *::-webkit-scrollbar {
    width: 6px;
  }
  *::-webkit-scrollbar-track {
    background: transparent;
  }
  *::-webkit-scrollbar-thumb {
    background-color: rgba(203, 213, 225, 1);
    border-radius: 3px;
    border: 0;
  }
</style></template></span></div><b style="position: absolute; left: -1000px;"><iframe src="./order_files/saved_resource.html" style="display: none;"></iframe></b></html>